,Listing,Gotchi,Name,Date,Buyer,Seller,Sale Price,BaseRarityScore,ModifiedRarityScore,Kinship,Experience,Wearables,Collateral,StakedAmount,StakedType
0,216439,17002,MYTHICALEYE-495BRS/401KIN,2022--04--16 14:43:02,0xf0a960597f499fbf04a182b1ef98ef5d10c0424a,0xd430f0850fc568de4d460b63cfda9b35383dc4df,722,495,495,401,80,0,0x1d2a0e5ec8e5bbdca5cb219e649b565d8e5c3360,0.080030187974068401,amAAVE
1,216447,22152,quadrate,2022--04--16 12:52:38,0x4cb433e0d88e6c98e337f19d32a52dfdb9153b00,0xd430f0850fc568de4d460b63cfda9b35383dc4df,750,510,510,348,300,0,0x27f8d03b3a2196956ed754badc28d73be8830a6e,25.40584716947147756,amDAI
2,216419,4784,trabucco,2022--04--16 11:31:19,0x9f23007d231f80be8e8946139f06b9feaaac4944,0xc99df6b7a5130dce61ba98614a2457daa8d92d1c,800,502,502,485,335,1,0x20d3922b4a1a8560e1ac99fba4fade0c849e2142,0.017570000000000000,maWETH
3,216381,23456,Egoist,2022--04--16 11:22:41,0xd6c515bd1cc5111a6f689634bc056a64655b1cc7,0x0914a5b426229bf17584bcc2b6e2ca1993bb2ef4,715,455,455,342,110,0,0x1a13f4ca1d028320a707d99520abfefca3998b7f,25.40886,amUSDC
4,216410,4326,$DAI 4 U,2022--04--16 10:42:49,0x82131e86d080312e13605aada6538a94df5b41a5,0xc99df6b7a5130dce61ba98614a2457daa8d92d1c,750,487,487,466,330,1,0xe0b22e0037b130a9f56bbb537684e6fa18192341,25.10000000000000000,maDAI
5,216411,3350,Ku_tlq,2022--04--16 10:01:49,0x066bb7c61b4bbe60e08d985a939e51636a6d1f7e,0xc99df6b7a5130dce61ba98614a2457daa8d92d1c,750,488,488,469,330,1,0xe0b22e0037b130a9f56bbb537684e6fa18192341,25.00200131472442933,maDAI
6,216405,11376,MythicalEye-488 kin/brs,2022--04--16 09:14:11,0xa6ab5ca03954e8b2bb54e9006efb8e68824271fa,0xf0a960597f499fbf04a182b1ef98ef5d10c0424a,794,494,494,488,260,0,0x1d2a0e5ec8e5bbdca5cb219e649b565d8e5c3360,0.062936600193125341,amAAVE
7,216380,16826,Holidaay,2022--04--16 08:58:37,0xb3749ab08c12ae8bcd95a5f11272927a2ebc36d5,0xce0ea75b2df2a889328476a93510a0cccfb7b0ac,1390,542,592,59,15,6,0x27f8d03b3a2196956ed754badc28d73be8830a6e,100.03189073648695334,amDAI
8,216347,19656,*_*KIWI,2022--04--16 03:11:16,0x7d15a512c288a873594fe0d9e1d77289c28f4e5e,0x0a9517ecb8e0c4b7ea2ecd2a89aaaa115eec81e9,1210,537,537,398,0,0,0x28424507fefb6f7f8e9d3860f56504e4e5f5f390,0.032051491140648193,amWETH
9,216332,22336,BLUEBERRY STUDMUFFIN,2022--04--16 03:06:32,0x7d15a512c288a873594fe0d9e1d77289c28f4e5e,0xbe4a88460ce03492ff55c0eed016dd2536b9fda2,1231.31,528,528,122,10,0,0x1a13f4ca1d028320a707d99520abfefca3998b7f,25.49434,amUSDC
10,216251,22653,Vernon Subutex,2022--04--16 02:15:58,0x9f32b5a3a6a21df1671c74372f18415cb3fcaca2,0xa14c5e8d3b5680db8246b18cf986c54905c2249f,1100,531,533,453,455,1,0x28424507fefb6f7f8e9d3860f56504e4e5f5f390,0.007950549019739357,amWETH
11,216335,4160,Mystical,2022--04--16 01:45:04,0x9c77233bbd235a3ed219daa051e0a3de5ce03c3e,0xe1a1d5c32888c5b140917b296e82cf3a448f37a6,750,412,412,64,0,1,0x8c8bdbe9cee455732525086264a4bf9cf821c498,0.434782608695652170,maUNI
12,216296,22299,Instinct,2022--04--16 00:27:16,0xe1a1d5c32888c5b140917b296e82cf3a448f37a6,0xefb3141ff2cc4bacc32274560f67ce44a02b47a2,1400,517,517,344,70,0,0x1d2a0e5ec8e5bbdca5cb219e649b565d8e5c3360,0.062665821590138800,amAAVE
13,216198,17153,546 BRS NEWBORN CHAMP,2022--04--16 00:13:46,0x4557de8c95b3796471c0ca2e18e104f3412e8fea,0x6f563c87b75cfb49f8f5197a81f2044c2fa03971,1666,546,546,60,0,0,0x27f8d03b3a2196956ed754badc28d73be8830a6e,100.01746927325575011,amDAI
14,216137,15116,GHOST!,2022--04--15 22:58:00,0x6c127b8ff818d1bbbf6015c327fde5ca73a78a91,0xc6b513084dcc71cc9814dc05acba0001d17d7512,850,516,524,449,350,4,0x8df3aad3a84da6b69a4da8aec3ea40d9091b2ac4,14.24296056413753274,amWMATIC
15,216259,10985,Levi,2022--04--15 21:45:59,0x0ba15d2edb8248d7eb7b65f2bbecdb3732a1cdf5,0x0914a5b426229bf17584bcc2b6e2ca1993bb2ef4,750,486,486,416,100,0,0x1a13f4ca1d028320a707d99520abfefca3998b7f,25.50105,amUSDC
16,216284,13485,M-TP,2022--04--15 20:31:38,0x82131e86d080312e13605aada6538a94df5b41a5,0xd84e11bee5d555ccd905817cb8cbbd5b6e6c4f0d,799,531,531,448,0,0,0x60d55f02a771d515e077c9c2403a1ef324885cec,100.00635,amUSDT
17,216250,16177,adventurer,2022--04--15 20:29:26,0xf9246804076fcaabc248c2d3f10d260e4b840e47,0x4cb433e0d88e6c98e337f19d32a52dfdb9153b00,1495,545,549,324,170,1,0x8df3aad3a84da6b69a4da8aec3ea40d9091b2ac4,50.10431602145329243,amWMATIC
18,216129,13363,Pleiku,2022--04--15 20:22:42,0xe71f283e265352c72c250f9a292abb905ebf4b3a,0xd1bd938d5d25ad815a7e869b4d55e20ab8697925,800,458,458,507,430,0,0x5c2ed810328349100a66b82b78a1791b101c9d61,0.00054016,amWBTC
19,216276,22321,Yat,2022--04--15 19:42:52,0x9c77233bbd235a3ed219daa051e0a3de5ce03c3e,0xd4653142f875a8ee31f57018634d128220c98f58,710,374,374,212,385,0,0x28424507fefb6f7f8e9d3860f56504e4e5f5f390,0.003180184699491149,amWETH
20,215816,10783,Sat,2022--04--15 16:59:59,0xe9da1801adcb61a41c6bdfdb7049c5e14383e8fd,0x9cca9d2aad42623b068017da87a8689aa80b9e76,985,509,509,508,495,0,0x5c2ed810328349100a66b82b78a1791b101c9d61,0.00057017,amWBTC
21,216217,1194,DOUBLE MYTH OG H0,2022--04--15 14:08:48,0xaf09521189761d72dcfc71010ae82be0ff443d91,0xefb3141ff2cc4bacc32274560f67ce44a02b47a2,950,497,497,76,5,1,0xe0b22e0037b130a9f56bbb537684e6fa18192341,25.64168041479496536,maDAI
22,216105,19723,Under Floor,2022--04--15 07:26:32,0x64df7af696e0977771a0e1e1b1a8dd22ded3cf4b,0xdf14100b76a5b5fd46fba22b7ac124919cffc92a,799,512,512,53,0,0,0x1a13f4ca1d028320a707d99520abfefca3998b7f,25.00187,amUSDC
23,216122,13203,laojiang,2022--04--15 07:20:22,0x64df7af696e0977771a0e1e1b1a8dd22ded3cf4b,0x4cb433e0d88e6c98e337f19d32a52dfdb9153b00,798,513,513,324,70,0,0x1d2a0e5ec8e5bbdca5cb219e649b565d8e5c3360,0.062665821425417693,amAAVE
24,215973,14738,NAGIBATOR,2022--04--15 07:19:00,0x64df7af696e0977771a0e1e1b1a8dd22ded3cf4b,0xce0ea75b2df2a889328476a93510a0cccfb7b0ac,745,489,489,70,0,0,0x28424507fefb6f7f8e9d3860f56504e4e5f5f390,0.007936662068707657,amWETH
25,216035,11058,Tanky Range DMG High Luck,2022--04--15 07:18:20,0x64df7af696e0977771a0e1e1b1a8dd22ded3cf4b,0x472d378b1ec8de32d69610305519db2503cd2549,720,462,462,84,0,0,0x27f8d03b3a2196956ed754badc28d73be8830a6e,25.01666971256483241,amDAI
26,215922,16133,ABOBUS,2022--04--15 07:17:16,0x64df7af696e0977771a0e1e1b1a8dd22ded3cf4b,0x238e31b5e56fe29a4121f49e38bf44f8786bbda1,720,486,486,51,0,0,0x1d2a0e5ec8e5bbdca5cb219e649b565d8e5c3360,0.062657559727772613,amAAVE
27,215979,16247,,2022--04--15 06:53:46,0x64df7af696e0977771a0e1e1b1a8dd22ded3cf4b,0xd6c515bd1cc5111a6f689634bc056a64655b1cc7,705,446,446,47,0,0,0x1d2a0e5ec8e5bbdca5cb219e649b565d8e5c3360,0.025062965704670648,amAAVE
28,216138,16177,adventurer,2022--04--15 06:50:42,0x4cb433e0d88e6c98e337f19d32a52dfdb9153b00,0xd430f0850fc568de4d460b63cfda9b35383dc4df,1250,545,549,324,170,1,0x8df3aad3a84da6b69a4da8aec3ea40d9091b2ac4,50.10431602145329243,amWMATIC
29,216116,11560,BlueWieny,2022--04--15 06:49:08,0x64df7af696e0977771a0e1e1b1a8dd22ded3cf4b,0xb46b7d690d1845cb6aa11448ed7b778ce2703721,700,477,477,63,0,0,0x1a13f4ca1d028320a707d99520abfefca3998b7f,25.01905,amUSDC
30,216044,20358,LeFrateeer,2022--04--15 06:20:04,0x64df7af696e0977771a0e1e1b1a8dd22ded3cf4b,0xfd4476e38d9afe25c95b45a120c0b07d0dc7c6a9,700,482,482,68,0,0,0x27f8d03b3a2196956ed754badc28d73be8830a6e,25.00842868650123415,amDAI
31,216097,21697,Big Melee DMG,2022--04--15 06:15:46,0x64df7af696e0977771a0e1e1b1a8dd22ded3cf4b,0xdf14100b76a5b5fd46fba22b7ac124919cffc92a,675,465,465,57,0,0,0x1d2a0e5ec8e5bbdca5cb219e649b565d8e5c3360,0.062656781792721232,amAAVE
32,216123,21207,Papi Gotchi Lord,2022--04--15 05:51:52,0x337b66f2cfea75ae31afd00975f1d625b554b840,0x4cb433e0d88e6c98e337f19d32a52dfdb9153b00,999,531,531,464,30,0,0x1d2a0e5ec8e5bbdca5cb219e649b565d8e5c3360,0.250668788410555465,amAAVE
33,216131,22829,whatever,2022--04--15 05:48:16,0xaf09521189761d72dcfc71010ae82be0ff443d91,0xd430f0850fc568de4d460b63cfda9b35383dc4df,710,509,509,408,80,0,0x28424507fefb6f7f8e9d3860f56504e4e5f5f390,0.007951970454758186,amWETH
34,216076,24677,Eric The Nameless,2022--04--15 05:23:22,0x85362d4700d2f8d55d1d779b31b837c863ae3c14,0xfd4476e38d9afe25c95b45a120c0b07d0dc7c6a9,880,523,535,71,0,3,0x8df3aad3a84da6b69a4da8aec3ea40d9091b2ac4,12.50259898157355597,amWMATIC
35,216108,24170,THAT'S MY KEK,2022--04--15 03:41:24,0xecc4ce118f50b7494a56338afada9efa1a5cba49,0xc6b513084dcc71cc9814dc05acba0001d17d7512,875,519,519,420,350,0,0x1a13f4ca1d028320a707d99520abfefca3998b7f,25.47141,amUSDC
36,216111,17153,546 BRS NEWBORN CHAMP,2022--04--15 03:22:05,0x6f563c87b75cfb49f8f5197a81f2044c2fa03971,0xdf14100b76a5b5fd46fba22b7ac124919cffc92a,1420,546,546,60,0,0,0x27f8d03b3a2196956ed754badc28d73be8830a6e,100.01746927325575011,amDAI
37,213802,18718,Teardrop,2022--04--15 01:36:45,0x377f8d461d21e0b3ca372300c877556eef74626e,0x7aae19cbbfe17aba47ae5a88be7aeb2778697e42,860,521,527,251,315,3,0x28424507fefb6f7f8e9d3860f56504e4e5f5f390,0.007944645718943543,amWETH
38,216015,15646,CHEAP CHEAP,2022--04--14 23:03:25,0x377f8d461d21e0b3ca372300c877556eef74626e,0x18932848b2f9b14b70972a1400133d1ed6342114,779,515,525,71,140,3,0x5c2ed810328349100a66b82b78a1791b101c9d61,0.00054015,amWBTC
39,215928,23176,NilsuGotchu,2022--04--14 21:28:53,0xb4d502361a3c6f823eeb9a99af09e110382206ee,0x75d5ced39b418d5e25f4a05db87fcc8bceed7e66,715,501,503,49,90,2,0x27f8d03b3a2196956ed754badc28d73be8830a6e,25.48958505212195972,amDAI
40,215779,11355,New Cappena,2022--04--14 20:03:06,0xccb3c739394967610adbdb6537065bad8dad2c58,0xa915023b3ed1e00e078789e63de079b4d6dcc348,788.788,502,502,170,95,0,0x60d55f02a771d515e077c9c2403a1ef324885cec,25.00663,amUSDT
41,216001,18064,ss-4,2022--04--14 17:22:55,0x551486c2335d027662b4c603ac203d7a7b30320e,0x7ffaa97035dc90181aae970774c4bff76ff19356,1200,537,537,466,35,0,0x5c2ed810328349100a66b82b78a1791b101c9d61,0.00214862,amWBTC
42,216000,21207,Papi Gotchi Lord,2022--04--14 17:20:25,0x4cb433e0d88e6c98e337f19d32a52dfdb9153b00,0x7ffaa97035dc90181aae970774c4bff76ff19356,1000,531,531,464,30,0,0x1d2a0e5ec8e5bbdca5cb219e649b565d8e5c3360,0.250668788410555465,amAAVE
43,215668,15377,521brs ranker! good miner,2022--04--14 16:51:53,0x830437c8d234c61ae6bffbc11f2b885e6e934554,0xfb42924649ecb7c25e329e7225a87e2e39da18f8,839,521,537,352,405,5,0x1a13f4ca1d028320a707d99520abfefca3998b7f,25.35945,amUSDC
44,215651,22653,Vernon Subutex,2022--04--14 15:33:21,0xa14c5e8d3b5680db8246b18cf986c54905c2249f,0xfb42924649ecb7c25e329e7225a87e2e39da18f8,990,531,533,453,455,1,0x28424507fefb6f7f8e9d3860f56504e4e5f5f390,0.007950549019739357,amWETH
45,215963,7214,el paso,2022--04--14 14:50:20,0xd430f0850fc568de4d460b63cfda9b35383dc4df,0x5f9ce0c2804af2a678d33e3617ee829c00ef6be0,1999,500,500,656,630,3,0xe20f7d1f0ec39c4d5db01f53554f2ef54c71f613,0.000797702616464575,maYFI
46,215669,14388,514 cute eye high xp kin,2022--04--14 08:41:03,0x4557de8c95b3796471c0ca2e18e104f3412e8fea,0xfb42924649ecb7c25e329e7225a87e2e39da18f8,789,514,514,357,395,0,0x1a13f4ca1d028320a707d99520abfefca3998b7f,25.39970,amUSDC
47,215903,18444,Egoistic,2022--04--14 07:34:46,0x4557de8c95b3796471c0ca2e18e104f3412e8fea,0x0914a5b426229bf17584bcc2b6e2ca1993bb2ef4,750,500,500,315,80,0,0x27f8d03b3a2196956ed754badc28d73be8830a6e,25.34229113553617135,amDAI
48,215851,17568,Time Traaveler,2022--04--14 00:01:07,0xf7b10d603907658f690da534e9b7dbc4dab3e2d6,0x2ed53cbe4650883944d3638f20c2d185cdde28d3,700,493,509,54,0,6,0x27f8d03b3a2196956ed754badc28d73be8830a6e,25.00761834000523252,amDAI
49,215354,21809,Exposed,2022--04--13 23:01:17,0x118b427af645e5e696e6da748bd66ac8e4f5e9a8,0x9cca9d2aad42623b068017da87a8689aa80b9e76,899,506,506,507,500,0,0x1d2a0e5ec8e5bbdca5cb219e649b565d8e5c3360,0.065278292263521453,amAAVE
50,215832,13014,Kylian Mbappe,2022--04--13 21:52:49,0x95e788e8e81b0e086ba1912c2f7e2668a98602be,0xa14c5e8d3b5680db8246b18cf986c54905c2249f,1150,536,542,330,180,2,0x1d2a0e5ec8e5bbdca5cb219e649b565d8e5c3360,0.250663177684979200,amAAVE
51,215567,14173,,2022--04--13 21:42:31,0x118b427af645e5e696e6da748bd66ac8e4f5e9a8,0x6fce63859a859a0f30ed09b12f5010d790618ca4,1305,0,0,0,0,0,0x0000000000000000000000000000000000000000,0,None
52,215840,13580,Mr. Rager,2022--04--13 21:40:03,0x6c127b8ff818d1bbbf6015c327fde5ca73a78a91,0xa915023b3ed1e00e078789e63de079b4d6dcc348,737,493,497,454,140,2,0x8df3aad3a84da6b69a4da8aec3ea40d9091b2ac4,12.50180423740467187,amWMATIC
53,215500,11007,Don't buy me,2022--04--13 21:31:23,0x579361d2636152df34db1d6dfd343f5037ddc71d,0xb1f56a37738c16d150c9aaa5441f056e65f4fbd6,2299,544,544,473,500,0,0x60d55f02a771d515e077c9c2403a1ef324885cec,104.97586,amUSDT
54,215824,12227,Do-Or-Dai,2022--04--13 19:25:48,0xc61b244fa2b83efe9ef91da7390ca5fc1cbb35b1,0xe08fd80d7d0593a616c01a3f2a17bdc3206c71b4,760,502,502,399,510,0,0x27f8d03b3a2196956ed754badc28d73be8830a6e,25.43863243029856838,amDAI
55,215804,5410,H1 LINK Double GODLIKE,2022--04--13 17:49:07,0x9f23007d231f80be8e8946139f06b9feaaac4944,0x579361d2636152df34db1d6dfd343f5037ddc71d,1119,525,531,124,100,3,0x98ea609569bd25119707451ef982b90e3eb719cd,1.01000000000000000,maLINK
56,215649,22022,Pico,2022--04--13 17:31:45,0x13703f43d5aae2b1032da92e07415ae79839930d,0x31a6d0ea27db941257024189a3718472d40ef663,980,530,548,279,315,7,0x5c2ed810328349100a66b82b78a1791b101c9d61,0.00053713,amWBTC
57,202260,15313,Street Cleaner,2022--04--13 16:57:17,0xf5b34200f6e6f8aa07a02af30596f970d3f400e9,0xf91377cc5d236b1ffaeb7c1970ee6c7f4cf7a41e,1000,520,536,18,0,6,0x28424507fefb6f7f8e9d3860f56504e4e5f5f390,0.007948448303539606,amWETH
58,215794,19954,ss-17,2022--04--13 15:19:06,0x551486c2335d027662b4c603ac203d7a7b30320e,0xa69d66f1c7243f2e0c558bc0bbcb1ebed5e45b56,739,503,503,453,415,0,0x8df3aad3a84da6b69a4da8aec3ea40d9091b2ac4,12.53272530096402311,amWMATIC
59,215708,13014,Kylian Mbappe,2022--04--13 12:09:52,0xa14c5e8d3b5680db8246b18cf986c54905c2249f,0xd430f0850fc568de4d460b63cfda9b35383dc4df,1100,536,542,330,180,2,0x1d2a0e5ec8e5bbdca5cb219e649b565d8e5c3360,0.250663177684979200,amAAVE
60,215741,15242,Darkness,2022--04--13 10:50:43,0x4cb433e0d88e6c98e337f19d32a52dfdb9153b00,0x06b1bf28c962363f212878bdf87417ebd0316220,762,498,498,466,380,0,0x28424507fefb6f7f8e9d3860f56504e4e5f5f390,0.008014637183245692,amWETH
61,215718,16845,MOON_ECLIPSE,2022--04--13 09:31:35,0x6f563c87b75cfb49f8f5197a81f2044c2fa03971,0x95e788e8e81b0e086ba1912c2f7e2668a98602be,895,520,520,334,330,0,0x28424507fefb6f7f8e9d3860f56504e4e5f5f390,0.015528270235079166,amWETH
62,215670,10841,Cowboy Oraange,2022--04--13 06:26:42,0xf7b10d603907658f690da534e9b7dbc4dab3e2d6,0xfb42924649ecb7c25e329e7225a87e2e39da18f8,789,513,523,384,450,4,0x5c2ed810328349100a66b82b78a1791b101c9d61,0.00053715,amWBTC
63,215699,23968,Ether Fighter,2022--04--13 06:25:54,0xf7b10d603907658f690da534e9b7dbc4dab3e2d6,0x81a8f3091f0d218e04349dd595e4b7470fee323a,764,516,534,301,375,6,0x1a13f4ca1d028320a707d99520abfefca3998b7f,25.41194,amUSDC
64,215522,24858,blue matrix,2022--04--13 02:42:56,0x3d856ae467561f78cfe32318d9dd3f89957efeeb,0xd430f0850fc568de4d460b63cfda9b35383dc4df,800,508,508,410,260,0,0x1a13f4ca1d028320a707d99520abfefca3998b7f,25.49462,amUSDC
65,214896,12647,War,2022--04--13 02:35:32,0x3d856ae467561f78cfe32318d9dd3f89957efeeb,0x1156c1846c4aa5e58426600b6bcd701c21b20f5c,810,514,518,270,325,2,0x60d55f02a771d515e077c9c2403a1ef324885cec,26.85636,amUSDT
66,215563,5411,Young Abstract,2022--04--13 00:35:40,0x81a8f3091f0d218e04349dd595e4b7470fee323a,0x52cc79276ee6f36ad9cb1a4504a6c6446b8a3699,2772,556,605,125,160,8,0xdae5f1590db13e3b40423b5b5c5fbf175515910b,100.92339,maUSDT
67,215266,16266,moon 2,2022--04--12 23:21:03,0x39888cc1f82eab6daa53dd91e57a1439561ce1f8,0x9cca9d2aad42623b068017da87a8689aa80b9e76,799,478,478,502,500,0,0x1d2a0e5ec8e5bbdca5cb219e649b565d8e5c3360,0.072816119226252357,amAAVE
68,215529,13655,Ri,2022--04--12 22:33:09,0x922f4373dda55919718acf48d1ceee5be4020361,0xaf09521189761d72dcfc71010ae82be0ff443d91,1319,541,545,328,180,1,0x1d2a0e5ec8e5bbdca5cb219e649b565d8e5c3360,0.252035154540891144,amAAVE
69,215534,2246,525+ h1 super cheap quick,2022--04--12 22:27:07,0x2d71ddd6e3eb1bab42be53821871901365607c82,0xdf14100b76a5b5fd46fba22b7ac124919cffc92a,998,525,525,56,0,0,0xdae5f1590db13e3b40423b5b5c5fbf175515910b,25.00000,maUSDT
70,212452,4675,H1 Massive 600XP $150TUSD,2022--04--12 19:54:52,0x118b427af645e5e696e6da748bd66ac8e4f5e9a8,0x52fcda4f61108b4e918baba6b671e61c774eaead,999,482,482,25,650,0,0xf4b8888427b00d7caf21654408b7cba2ecf4ebd9,150.00000000000000000,maTUSD
71,215331,11080,Emmaanuel Kant,2022--04--12 19:33:06,0x4bb629f9c01099eb058ea498d63c5dfccf8d8cf4,0xc0c3a547231ea6aebc543826bc55895b015467b3,795,508,508,280,330,0,0x60d55f02a771d515e077c9c2403a1ef324885cec,26.13299,amUSDT
72,213396,18924,djangolee,2022--04--12 19:32:42,0x4bb629f9c01099eb058ea498d63c5dfccf8d8cf4,0x6db5f521fd5117733f774dd9ee0325ccbf8c1d19,780,484,484,297,320,0,0x60d55f02a771d515e077c9c2403a1ef324885cec,25.78480,amUSDT
73,213637,24609,Robbe,2022--04--12 19:32:20,0x4bb629f9c01099eb058ea498d63c5dfccf8d8cf4,0x884f0bc1c6132644f4dfc7108b48867defc143bc,767,479,479,358,30,0,0x5c2ed810328349100a66b82b78a1791b101c9d61,0.00053716,amWBTC
74,213544,15726,Smol Brain,2022--04--12 19:31:46,0x4bb629f9c01099eb058ea498d63c5dfccf8d8cf4,0xa4e0e27ca70537fd9da91676a2385cc00b87cc40,779,504,504,54,230,0,0x28424507fefb6f7f8e9d3860f56504e4e5f5f390,0.007944562206377161,amWETH
75,213957,13827,,2022--04--12 19:31:22,0x4bb629f9c01099eb058ea498d63c5dfccf8d8cf4,0x884f0bc1c6132644f4dfc7108b48867defc143bc,774,467,467,298,70,0,0x1d2a0e5ec8e5bbdca5cb219e649b565d8e5c3360,0.062665681174796246,amAAVE
76,215518,12203,xdgr,2022--04--12 19:30:58,0x4bb629f9c01099eb058ea498d63c5dfccf8d8cf4,0x4cb433e0d88e6c98e337f19d32a52dfdb9153b00,768,515,515,328,70,0,0x1a13f4ca1d028320a707d99520abfefca3998b7f,25.39317,amUSDC
77,215540,14171,Bebop,2022--04--12 19:30:12,0x4bb629f9c01099eb058ea498d63c5dfccf8d8cf4,0xcbf7d1c2012629e4689f6c2ca10c4e3a7ce1a75c,750,454,454,334,395,0,0x27f8d03b3a2196956ed754badc28d73be8830a6e,30.48172403572545326,amDAI
78,215537,22801,Capt.Kidd,2022--04--12 19:24:50,0x4bb629f9c01099eb058ea498d63c5dfccf8d8cf4,0x3c3939cd371bb392603a172d123157fdf937e4ca,760,517,517,189,80,0,0x1a13f4ca1d028320a707d99520abfefca3998b7f,25.48272,amUSDC
79,214875,10515,petagotchi,2022--04--12 19:23:26,0x4bb629f9c01099eb058ea498d63c5dfccf8d8cf4,0x518868c25d1bdef4ad0a6cb518215dac2a8d444d,750,485,485,47,0,0,0x1d2a0e5ec8e5bbdca5cb219e649b565d8e5c3360,0.126610634565788695,amAAVE
80,215472,16394,Green Lantern,2022--04--12 19:22:16,0x4bb629f9c01099eb058ea498d63c5dfccf8d8cf4,0xd5b3d2a4fac2372ceb7e84ed23be44aeb201f7fe,769,469,471,226,275,1,0x60d55f02a771d515e077c9c2403a1ef324885cec,25.85777,amUSDT
81,215341,24258,low stats,2022--04--12 19:21:52,0x4bb629f9c01099eb058ea498d63c5dfccf8d8cf4,0x510c64217d35ff91cb5099e160b75c5cbc593fd2,750,505,505,394,240,0,0x1a13f4ca1d028320a707d99520abfefca3998b7f,25.47807,amUSDC
82,214700,14397,Stewie,2022--04--12 19:21:00,0x4bb629f9c01099eb058ea498d63c5dfccf8d8cf4,0xc86daee731066928947c56678cd59d787eb9dd61,750,456,456,414,330,0,0x1a13f4ca1d028320a707d99520abfefca3998b7f,25.57190,amUSDC
83,215572,13036,EOSC,2022--04--12 19:20:34,0x4bb629f9c01099eb058ea498d63c5dfccf8d8cf4,0x38ff11d71e32d6a97da15bdcfbcdfccdeda9e637,749,481,481,380,355,0,0x1d2a0e5ec8e5bbdca5cb219e649b565d8e5c3360,0.069587960925529635,amAAVE
84,215463,22550,holdup,2022--04--12 19:20:12,0x4bb629f9c01099eb058ea498d63c5dfccf8d8cf4,0x2ade44ebf94a56ba3ea8e37bb97a5a3609f3a5f3,720,480,480,282,70,0,0x28424507fefb6f7f8e9d3860f56504e4e5f5f390,0.008011650012417178,amWETH
85,215452,15608,KRG4,2022--04--12 19:19:42,0x4bb629f9c01099eb058ea498d63c5dfccf8d8cf4,0x36a1b1fc04648bd2b8d833d0d4c30b8cc4eeb099,744,469,469,375,90,0,0x28424507fefb6f7f8e9d3860f56504e4e5f5f390,0.007950984552440424,amWETH
86,214013,11246,LIGHTNESS,2022--04--12 19:19:14,0x4bb629f9c01099eb058ea498d63c5dfccf8d8cf4,0x151eaaa48bbd08b7cc37b52216cf54f54c41b24b,730,451,451,37,250,0,0x1a13f4ca1d028320a707d99520abfefca3998b7f,10.00620,amUSDC
87,215441,12320,Eliade,2022--04--12 19:18:50,0x4bb629f9c01099eb058ea498d63c5dfccf8d8cf4,0x83713a1be5a18750d8370a51f9d6ff39f6b4e815,720,476,476,83,20,0,0x8df3aad3a84da6b69a4da8aec3ea40d9091b2ac4,12.50413479524222496,amWMATIC
88,215581,23684,SIX-Com,2022--04--12 19:18:26,0x4bb629f9c01099eb058ea498d63c5dfccf8d8cf4,0x767890c2c0e1cbe275b26647e7d362ba5b48fe7c,702.1,492,492,386,40,0,0x1d2a0e5ec8e5bbdca5cb219e649b565d8e5c3360,0.062667168130695635,amAAVE
89,215474,18921,r3hab,2022--04--12 19:18:00,0x4bb629f9c01099eb058ea498d63c5dfccf8d8cf4,0x5039e2936ec2a588cad92e4edcf41a1d3a443186,699,489,489,27,70,0,0x1d2a0e5ec8e5bbdca5cb219e649b565d8e5c3360,0.062707659212216588,amAAVE
90,215497,13714,Lil Wayne,2022--04--12 19:17:30,0x4bb629f9c01099eb058ea498d63c5dfccf8d8cf4,0xf4bb53efcfd49fe036fdcc8f46d981203ae3bab8,700,464,464,196,5,0,0x1d2a0e5ec8e5bbdca5cb219e649b565d8e5c3360,0.070162294058752058,amAAVE
91,210763,10355,DR. DISRESPECT,2022--04--12 18:38:08,0x6bdf6d03328e04cf4e5079ea347e0c413afcdf63,0x6e9886ac892ec46a4cbb77e28b94db4ddfc8fb21,2077,519,537,173,75,4,0x28424507fefb6f7f8e9d3860f56504e4e5f5f390,0.007938893104538369,amWETH
92,215147,23272,GotchiMark,2022--04--12 17:39:14,0x346e7d415382b91905080ccdae6e5147866a6561,0x2ce0fb9a765ba7f55d43897dd404c8d92e9c0708,1150,508,520,404,70,5,0x5c2ed810328349100a66b82b78a1791b101c9d61,0.00053716,amWBTC
93,215277,21999,Rodrigolabricot,2022--04--12 16:59:03,0x14e495f1c792185c4491b2317a02f3c3c6775c82,0xdf14100b76a5b5fd46fba22b7ac124919cffc92a,850,524,524,65,0,0,0x1d2a0e5ec8e5bbdca5cb219e649b565d8e5c3360,0.062656824657142088,amAAVE
94,215545,11687,Mr Gotchi,2022--04--12 16:58:59,0x346e7d415382b91905080ccdae6e5147866a6561,0x001041888ca4efd728242ac3b12a9c214495d923,743,510,510,188,105,0,0x60d55f02a771d515e077c9c2403a1ef324885cec,25.33346,amUSDT
95,214207,12171,Crystal King,2022--04--12 15:45:03,0x9253ce7a058385a927f30d8e5b84d1a106fb665b,0xdf14100b76a5b5fd46fba22b7ac124919cffc92a,865,523,523,69,0,0,0x28424507fefb6f7f8e9d3860f56504e4e5f5f390,0.007936651213428894,amWETH
96,215562,5410,H1 LINK Double GODLIKE,2022--04--12 15:31:39,0x579361d2636152df34db1d6dfd343f5037ddc71d,0x52cc79276ee6f36ad9cb1a4504a6c6446b8a3699,1699,525,531,124,100,3,0x98ea609569bd25119707451ef982b90e3eb719cd,1.01000000000000000,maLINK
97,215272,18995,Eggplant,2022--04--12 12:36:41,0x72cbf65c994a14cb0d36e112ed2c615027c6f0bd,0x9cca9d2aad42623b068017da87a8689aa80b9e76,950,515,519,509,495,1,0x8df3aad3a84da6b69a4da8aec3ea40d9091b2ac4,12.62093816122025906,amWMATIC
98,215538,16384,INTO THE WILD,2022--04--12 07:59:45,0xa48ca65ef647f04ef7cef89cb73c8e53e3736a15,0xdf14100b76a5b5fd46fba22b7ac124919cffc92a,820,529,541,84,0,3,0x5c2ed810328349100a66b82b78a1791b101c9d61,0.00214802,amWBTC
99,215532,17698,SPACEMAN,2022--04--12 07:58:33,0xa48ca65ef647f04ef7cef89cb73c8e53e3736a15,0xdf14100b76a5b5fd46fba22b7ac124919cffc92a,799,521,521,59,20,2,0x5c2ed810328349100a66b82b78a1791b101c9d61,0.00053700,amWBTC
100,215526,23477,Gods Twin,2022--04--12 05:18:41,0xdb10d21f28a34fd04e4425eac777483798f7e217,0xdf14100b76a5b5fd46fba22b7ac124919cffc92a,615,505,505,63,0,0,0x1a13f4ca1d028320a707d99520abfefca3998b7f,25.01407,amUSDC
101,215511,12645,Vacum-Gotchi,2022--04--12 04:10:03,0x0b827f181232d0dff7c7d74bf7a1e5625cfd80af,0x4c78fc01bce6fe3f00caa2626298cac5ec774a54,679,507,507,57,0,1,0x60d55f02a771d515e077c9c2403a1ef324885cec,25.00114,amUSDT
102,215411,13252,B O W S E R,2022--04--12 01:07:38,0x7d15a512c288a873594fe0d9e1d77289c28f4e5e,0x3b02692ab73431e2e263421b1b6ecf89cdb6714c,1070,541,541,20,30,0,0x60d55f02a771d515e077c9c2403a1ef324885cec,105.34661,amUSDT
103,214039,13749,DeFi Joe,2022--04--11 23:54:22,0x377f8d461d21e0b3ca372300c877556eef74626e,0x04a8212bacaec605889e01418b55c166fcb8ed3b,1122,498,504,388,110,3,0x60d55f02a771d515e077c9c2403a1ef324885cec,26.68340,amUSDT
104,215464,22052,hardware,2022--04--11 19:37:58,0x1eaf5a3e429bedab9284a4af80ba181697a60d18,0x2ade44ebf94a56ba3ea8e37bb97a5a3609f3a5f3,720,454,454,283,130,0,0x60d55f02a771d515e077c9c2403a1ef324885cec,25.70028,amUSDT
105,215010,934,gus,2022--04--11 16:34:04,0xd430f0850fc568de4d460b63cfda9b35383dc4df,0xdf14100b76a5b5fd46fba22b7ac124919cffc92a,1500,529,539,102,20,4,0x8c8bdbe9cee455732525086264a4bf9cf821c498,4.34782608695652170,maUNI
106,214916,17015,black lambo,2022--04--11 16:21:08,0xca4ad39f872e89ef23eabd5716363fc22513e147,0x1eaf5a3e429bedab9284a4af80ba181697a60d18,698,453,453,359,310,0,0x28424507fefb6f7f8e9d3860f56504e4e5f5f390,0.003180323731733710,amWETH
107,214141,23162,,2022--04--11 16:20:20,0xca4ad39f872e89ef23eabd5716363fc22513e147,0xfbb073e09d84970d1efe099abbe9e626f8ff7024,699,495,495,79,0,0,0x60d55f02a771d515e077c9c2403a1ef324885cec,25.05277,amUSDT
108,215295,22784,MYTH. EYE,2022--04--11 16:19:56,0xca4ad39f872e89ef23eabd5716363fc22513e147,0xdffae50260a79d24188de7cd177453285779c609,699,471,471,290,70,0,0x1d2a0e5ec8e5bbdca5cb219e649b565d8e5c3360,0.063008845405327950,amAAVE
109,215382,14699,Cuddly Ma,2022--04--11 16:16:06,0xca4ad39f872e89ef23eabd5716363fc22513e147,0x3fc26a7867e82c03d28e4fe1c5bd66533e78a6d4,680,482,482,480,220,0,0x1a13f4ca1d028320a707d99520abfefca3998b7f,27.47258,amUSDC
110,215019,11747,DPS Range DMG,2022--04--11 16:15:38,0xca4ad39f872e89ef23eabd5716363fc22513e147,0xdf14100b76a5b5fd46fba22b7ac124919cffc92a,680,488,488,64,0,0,0x1a13f4ca1d028320a707d99520abfefca3998b7f,25.01280,amUSDC
111,215429,20528,mytheye/380kin/USDT TTT,2022--04--11 16:15:14,0xca4ad39f872e89ef23eabd5716363fc22513e147,0x852271883ed42cc3f9d9559b05ab4784fc768e93,666,485,485,391,100,0,0x60d55f02a771d515e077c9c2403a1ef324885cec,25.95106,amUSDT
112,215356,15280,system,2022--04--11 16:14:52,0xca4ad39f872e89ef23eabd5716363fc22513e147,0x0d9c5646b9fd69c22488ce7bdc2770869e5699d4,645,484,484,296,70,0,0x28424507fefb6f7f8e9d3860f56504e4e5f5f390,0.008012085602525718,amWETH
113,214864,20125,,2022--04--11 16:13:50,0xca4ad39f872e89ef23eabd5716363fc22513e147,0xc928499a080594c8854d1a46dcae5e862acc5d08,680,490,490,185,130,0,0x8df3aad3a84da6b69a4da8aec3ea40d9091b2ac4,12.53376056430094316,amWMATIC
114,215384,19808,Brian_Armstrong,2022--04--11 16:13:22,0xca4ad39f872e89ef23eabd5716363fc22513e147,0xaa1fbe434eb61ca6d7967e7ddc13d93422007892,677,499,499,345,70,0,0x1d2a0e5ec8e5bbdca5cb219e649b565d8e5c3360,0.062665798419331357,amAAVE
115,215383,17564,Gavin_Wood,2022--04--11 16:12:50,0xca4ad39f872e89ef23eabd5716363fc22513e147,0xaa1fbe434eb61ca6d7967e7ddc13d93422007892,677,500,500,348,70,0,0x1a13f4ca1d028320a707d99520abfefca3998b7f,25.40911,amUSDC
116,215298,19753,KAMAKAWIWO'OLE,2022--04--11 16:12:28,0xca4ad39f872e89ef23eabd5716363fc22513e147,0x232fb01a705058a88684ffb348ea88d2656070a5,649.99,477,477,282,405,0,0x28424507fefb6f7f8e9d3860f56504e4e5f5f390,0.007948705354842013,amWETH
117,215312,12434,Naughty Floor,2022--04--11 16:12:16,0xca4ad39f872e89ef23eabd5716363fc22513e147,0x523718f7e7bd92766d2df99660b4169593287dc8,648,464,464,61,60,0,0x1d2a0e5ec8e5bbdca5cb219e649b565d8e5c3360,0.062657091456465249,amAAVE
118,215412,16129,Juuuste,2022--04--11 16:12:10,0xe306506692cade7da2f6369882844e3ff23400f6,0xe22de8775d22d95359bef239ad0ea9d4803bf3f6,677,514,516,20,0,1,0x8df3aad3a84da6b69a4da8aec3ea40d9091b2ac4,25.76910394792384680,amWMATIC
119,215416,13089,Snooooopy,2022--04--11 16:11:54,0xca4ad39f872e89ef23eabd5716363fc22513e147,0x4cb433e0d88e6c98e337f19d32a52dfdb9153b00,645,485,485,54,10,0,0x28424507fefb6f7f8e9d3860f56504e4e5f5f390,0.007987859872711761,amWETH
120,215353,11094,NeverRekt,2022--04--11 16:11:20,0xca4ad39f872e89ef23eabd5716363fc22513e147,0x1286779e197589cfdfabd765e845dbbc87ad2453,636,367,367,335,340,0,0x1d2a0e5ec8e5bbdca5cb219e649b565d8e5c3360,0.025066029926306985,amAAVE
121,215323,10668,lewis,2022--04--11 14:09:42,0x9c77233bbd235a3ed219daa051e0a3de5ce03c3e,0xd430f0850fc568de4d460b63cfda9b35383dc4df,650,509,509,349,70,0,0x5c2ed810328349100a66b82b78a1791b101c9d61,0.00053714,amWBTC
122,215310,22180,Mister X,2022--04--11 14:08:56,0x9c77233bbd235a3ed219daa051e0a3de5ce03c3e,0xe306506692cade7da2f6369882844e3ff23400f6,630,380,380,214,385,0,0x8df3aad3a84da6b69a4da8aec3ea40d9091b2ac4,5.01259532811700545,amWMATIC
123,215355,16246,It's USDT v2,2022--04--11 13:00:22,0xcae3cbb4d5edd3846944fd99c64b4580acbddd3a,0x9cca9d2aad42623b068017da87a8689aa80b9e76,899,505,505,508,510,0,0x60d55f02a771d515e077c9c2403a1ef324885cec,25.98487,amUSDT
124,215368,14019,It's USDT,2022--04--11 12:59:56,0xcae3cbb4d5edd3846944fd99c64b4580acbddd3a,0x9cca9d2aad42623b068017da87a8689aa80b9e76,895,519,525,509,505,2,0x60d55f02a771d515e077c9c2403a1ef324885cec,25.98487,amUSDT
125,215324,12917,BitcoinNEO,2022--04--11 09:02:27,0x37a7fbbb18a92579a7f37c8390a36e0ad0a73444,0xd430f0850fc568de4d460b63cfda9b35383dc4df,650,512,514,425,80,1,0x5c2ed810328349100a66b82b78a1791b101c9d61,0.00053816,amWBTC
126,215301,16704,Crazy bit,2022--04--11 08:52:37,0x46860b4dfe30ce16e6c3100c1be4344cd5941959,0x50f461f471e7dce973e27f0e319ebe868135d764,1599,547,633,309,210,7,0x28424507fefb6f7f8e9d3860f56504e4e5f5f390,0.031803342156682120,amWETH
127,212944,19981,Brs 507 kin devoted toph2,2022--04--11 07:53:21,0x34453671ad02330cbe70c75687f0d1647aa2b5ba,0xdb1d5d5acdd6a2233610884715440c92cb0e85ca,868,512,512,507,140,0,0x1a13f4ca1d028320a707d99520abfefca3998b7f,25.52056,amUSDC
128,215267,12206,ALCHEMICA KING,2022--04--11 05:12:31,0xe61aa00b5f0461ef4e38ddc565555369651682aa,0x9cca9d2aad42623b068017da87a8689aa80b9e76,798,464,472,509,500,2,0x60d55f02a771d515e077c9c2403a1ef324885cec,26.09651,amUSDT
129,215288,24768,Dai-namite,2022--04--11 00:40:55,0xdffae50260a79d24188de7cd177453285779c609,0xdf14100b76a5b5fd46fba22b7ac124919cffc92a,1900,506,506,370,510,0,0x27f8d03b3a2196956ed754badc28d73be8830a6e,25.33902150460185958,amDAI
130,215263,15545,Charles_Hoskinson,2022--04--10 21:19:29,0xecc4ce118f50b7494a56338afada9efa1a5cba49,0xaa1fbe434eb61ca6d7967e7ddc13d93422007892,697,500,500,347,70,0,0x27f8d03b3a2196956ed754badc28d73be8830a6e,25.40711685738921319,amDAI
131,215006,20322,soulk,2022--04--10 21:02:03,0x442e783df75df94aaa3d88136528810c06dabae5,0xdf14100b76a5b5fd46fba22b7ac124919cffc92a,650,459,459,66,0,0,0x60d55f02a771d515e077c9c2403a1ef324885cec,25.01869,amUSDT
132,215190,13632,baby_gochi,2022--04--10 16:31:01,0xcda88f9a9f47bf17ed4e1a24ab7a6a93f106e463,0xb6237b2b69f81b4fc8b8d2176743adcce40a6f7d,620,489,489,65,0,0,0x1d2a0e5ec8e5bbdca5cb219e649b565d8e5c3360,0.062657091456464274,amAAVE
133,215193,15646,CHEAP CHEAP,2022--04--10 13:39:44,0x18932848b2f9b14b70972a1400133d1ed6342114,0x2a6168ce9f5339b91b848d0b870e074c69d83c5e,700,515,525,71,140,3,0x5c2ed810328349100a66b82b78a1791b101c9d61,0.00054015,amWBTC
134,215030,15745,AceTheMFUSDT,2022--04--10 13:36:20,0xc7c0c88c0550526114b62d427cc9e4bb7610438c,0xbc43192f8f5b4447f3540f10a98afaa26ea7500f,669,492,492,51,50,0,0x60d55f02a771d515e077c9c2403a1ef324885cec,36.17186,amUSDT
135,215176,20528,mytheye/380kin/USDT TTT,2022--04--10 12:14:06,0x852271883ed42cc3f9d9559b05ab4784fc768e93,0xb63cf382fd5805f8a377cfc6eb75fdd46b9ec847,600,485,485,391,100,0,0x60d55f02a771d515e077c9c2403a1ef324885cec,25.95106,amUSDT
136,215177,12789,Blueberries,2022--04--10 12:12:44,0xaf09521189761d72dcfc71010ae82be0ff443d91,0xb63cf382fd5805f8a377cfc6eb75fdd46b9ec847,600,476,480,399,480,2,0x5c2ed810328349100a66b82b78a1791b101c9d61,0.00053714,amWBTC
137,215160,15794,Panzergotchi,2022--04--10 12:03:21,0x8625d69ff0a22f810baa09c8886fda943d5db944,0x18932848b2f9b14b70972a1400133d1ed6342114,750,506,506,380,430,0,0x27f8d03b3a2196956ed754badc28d73be8830a6e,25.40946276119904801,amDAI
138,215134,18162,Solal,2022--04--10 11:36:23,0x9f32b5a3a6a21df1671c74372f18415cb3fcaca2,0x9cca9d2aad42623b068017da87a8689aa80b9e76,950,516,516,509,510,0,0x60d55f02a771d515e077c9c2403a1ef324885cec,26.00762,amUSDT
139,214899,18133,USDC GOTCHI 445 XP,2022--04--10 06:16:35,0x071d217637b6322a7faac6895a9eb00e529d3424,0x22cab81e0fee2bad5b015dbbeb6a374a1b8738de,727,499,499,381,445,0,0x1a13f4ca1d028320a707d99520abfefca3998b7f,25.48395,amUSDC
140,215113,18883,Puskas,2022--04--10 06:02:13,0x2b29518e5ac3eda4cfc138facd6f023bffc5d65a,0xd430f0850fc568de4d460b63cfda9b35383dc4df,800,538,540,413,190,1,0x28424507fefb6f7f8e9d3860f56504e4e5f5f390,0.031805771292048593,amWETH
141,213211,17060,Erling Haaland,2022--04--10 05:16:53,0x2faf55a544c5f73666438bc185aecc9d685e6e3c,0xdb1d5d5acdd6a2233610884715440c92cb0e85ca,848,506,508,501,135,1,0x27f8d03b3a2196956ed754badc28d73be8830a6e,25.50768480803395919,amDAI
142,215041,19621,Halving B,2022--04--10 05:16:33,0x2faf55a544c5f73666438bc185aecc9d685e6e3c,0x9cca9d2aad42623b068017da87a8689aa80b9e76,850,459,459,498,470,0,0x5c2ed810328349100a66b82b78a1791b101c9d61,0.00054016,amWBTC
143,214847,21677,Chocotte,2022--04--09 23:23:58,0x9f32b5a3a6a21df1671c74372f18415cb3fcaca2,0x7540db3e26d453ee6298bbdd263a8e4d88bfbe7f,969,532,540,68,0,1,0x1d2a0e5ec8e5bbdca5cb219e649b565d8e5c3360,0.250627559181216053,amAAVE
144,215032,10820,Definitely Not The Floor,2022--04--09 23:16:52,0xb8b95a513c2f754ae61087edfe0057c80513e649,0xb440dca6df13efb5dcd925b0b05a276efbea9ad4,645,494,494,324,70,0,0x5c2ed810328349100a66b82b78a1791b101c9d61,0.00053714,amWBTC
145,215043,19506,Basta,2022--04--09 21:11:44,0x262336fd3eda533826aa4c92c9f23563f9f90693,0x9cca9d2aad42623b068017da87a8689aa80b9e76,799,504,512,462,470,2,0x5c2ed810328349100a66b82b78a1791b101c9d61,0.00053715,amWBTC
146,214839,13115,It's AAVE,2022--04--09 17:51:09,0xcae3cbb4d5edd3846944fd99c64b4580acbddd3a,0x9cca9d2aad42623b068017da87a8689aa80b9e76,799,487,487,509,495,0,0x1d2a0e5ec8e5bbdca5cb219e649b565d8e5c3360,0.064692481015617367,amAAVE
147,214987,12719,BY17,2022--04--09 16:05:30,0x2f3045ce8f70757e5cbad58215134aedaf2e4ca4,0x29604535e0d9a41e1116f4fbc8557d364f53c314,2700,526,526,64,0,0,0x5c2ed810328349100a66b82b78a1791b101c9d61,0.00234001,amWBTC
148,214965,19258,inseperable by launch,2022--04--09 13:51:41,0xb6237b2b69f81b4fc8b8d2176743adcce40a6f7d,0xa915023b3ed1e00e078789e63de079b4d6dcc348,755,499,499,450,0,0,0x1d2a0e5ec8e5bbdca5cb219e649b565d8e5c3360,0.062667258199365981,amAAVE
149,214672,20074,Mineko,2022--04--09 13:08:38,0x777538e9e6fb692420ecd63add56ae2e34227e94,0xdf14100b76a5b5fd46fba22b7ac124919cffc92a,850,521,521,72,0,0,0x8df3aad3a84da6b69a4da8aec3ea40d9091b2ac4,12.50233941655833304,amWMATIC
150,214949,20301,It's MATIC,2022--04--09 11:33:20,0xcae3cbb4d5edd3846944fd99c64b4580acbddd3a,0x97da846d77b043ea5aea362fd2f22a0acdb9d4ee,999,529,533,399,300,1,0x8df3aad3a84da6b69a4da8aec3ea40d9091b2ac4,12.50270949667796932,amWMATIC
151,214492,14231,Scorpiz,2022--04--09 09:51:16,0x0ef31d28f5cbff45789767ca777b71ca8bd0ad28,0x4cb433e0d88e6c98e337f19d32a52dfdb9153b00,748,502,502,321,70,0,0x28424507fefb6f7f8e9d3860f56504e4e5f5f390,0.007948540748266081,amWETH
152,214898,16875,Ragnadolf,2022--04--09 09:07:50,0xe306506692cade7da2f6369882844e3ff23400f6,0x22cab81e0fee2bad5b015dbbeb6a374a1b8738de,707,479,481,365,445,3,0x1d2a0e5ec8e5bbdca5cb219e649b565d8e5c3360,0.062667146800077160,amAAVE
153,214905,14387,Theone,2022--04--09 06:25:10,0xc7d61f99980e6575409680e6ceec3345f53c62e7,0x22cab81e0fee2bad5b015dbbeb6a374a1b8738de,767,503,503,332,445,0,0x5c2ed810328349100a66b82b78a1791b101c9d61,0.00053715,amWBTC
154,214897,18706,Bitouche,2022--04--09 05:41:30,0x9f32b5a3a6a21df1671c74372f18415cb3fcaca2,0xdf14100b76a5b5fd46fba22b7ac124919cffc92a,645,495,495,65,0,0,0x28424507fefb6f7f8e9d3860f56504e4e5f5f390,0.007936586429925316,amWETH
155,214874,2096,DOUBLE MYTH 600KIN,2022--04--09 02:41:23,0x59fc6b4e064b62cc7aed200a71aef3eac36c1287,0xaf09521189761d72dcfc71010ae82be0ff443d91,999,487,487,598,280,1,0x823cd4264c1b951c9209ad0deaea9988fe8429bf,0.077640000000000000,maAAVE
156,214841,14282,Rejillas,2022--04--09 01:12:43,0x7909759b82eb27ab3cc886c5f3fce3a72a565b39,0x9cca9d2aad42623b068017da87a8689aa80b9e76,850,510,518,460,180,2,0x8df3aad3a84da6b69a4da8aec3ea40d9091b2ac4,12.54071803288647435,amWMATIC
157,214840,13938,KEK MAXIMALIST,2022--04--08 21:49:50,0xecc4ce118f50b7494a56338afada9efa1a5cba49,0x9cca9d2aad42623b068017da87a8689aa80b9e76,798,514,514,504,490,0,0x60d55f02a771d515e077c9c2403a1ef324885cec,25.53058,amUSDT
158,213888,13760,BAOLONG_13760,2022--04--08 19:45:55,0x118b427af645e5e696e6da748bd66ac8e4f5e9a8,0xb02dc63b4e234e1abc36ead88df610d67f4920dd,750,456,456,471,430,0,0x60d55f02a771d515e077c9c2403a1ef324885cec,25.95045,amUSDT
159,208502,7225,KEK Runner,2022--04--08 18:53:21,0xb3749ab08c12ae8bcd95a5f11272927a2ebc36d5,0xc4f1e3020e1b07b66afbbbee30f50383f46d7091,1599,496,498,355,340,2,0x8c8bdbe9cee455732525086264a4bf9cf821c498,1.09000000000000000,maUNI
160,214783,13443,R3KT,2022--04--08 18:34:17,0x795f50722cf5ad82f78dda8dc8f7b235332977c3,0x6fce63859a859a0f30ed09b12f5010d790618ca4,7200,564,628,490,425,7,0x28424507fefb6f7f8e9d3860f56504e4e5f5f390,0.034637616828376854,amWETH
161,214745,10907,Eth10k,2022--04--08 17:47:53,0x0606e9f7dc6d34ef7aac97a45e423d05ced551f5,0xf67bd51baf48c05a53af61af66db86add7a825c0,850,509,509,42,0,0,0x28424507fefb6f7f8e9d3860f56504e4e5f5f390,0.007936588507907925,amWETH
162,214801,18921,r3hab,2022--04--08 17:35:25,0x5039e2936ec2a588cad92e4edcf41a1d3a443186,0xa41a2981e797f98f13d6f8508ffca8e116f45f50,600,489,489,27,70,0,0x1d2a0e5ec8e5bbdca5cb219e649b565d8e5c3360,0.062707659212216588,amAAVE
163,214788,20867,BTC GOTCHI,2022--04--08 17:09:55,0x9f23007d231f80be8e8946139f06b9feaaac4944,0x95ac8d067e3501063fa95f17758da79d4caac37f,1399,542,542,69,0,0,0x5c2ed810328349100a66b82b78a1791b101c9d61,0.00214801,amWBTC
164,214780,12645,Vacum-Gotchi,2022--04--08 15:11:13,0x4c78fc01bce6fe3f00caa2626298cac5ec774a54,0x95ac8d067e3501063fa95f17758da79d4caac37f,679,507,507,57,0,1,0x60d55f02a771d515e077c9c2403a1ef324885cec,25.00114,amUSDT
165,214764,20737,brs542/350kin/200xp/usdt,2022--04--08 14:01:43,0x852271883ed42cc3f9d9559b05ab4784fc768e93,0xd430f0850fc568de4d460b63cfda9b35383dc4df,1050,541,541,348,190,0,0x60d55f02a771d515e077c9c2403a1ef324885cec,103.29286,amUSDT
166,214760,13655,Ri,2022--04--08 13:31:01,0xaf09521189761d72dcfc71010ae82be0ff443d91,0xd430f0850fc568de4d460b63cfda9b35383dc4df,1000,541,545,328,180,1,0x1d2a0e5ec8e5bbdca5cb219e649b565d8e5c3360,0.252035154540891144,amAAVE
167,214486,11430,Kingpin,2022--04--08 10:23:38,0x9993ab06c1edc0fdea706b1f6f6359c0c1ec5e5b,0x55ebcf00ab370ffe21cd9c1ef1c5357d74691913,750,444,444,482,690,0,0x60d55f02a771d515e077c9c2403a1ef324885cec,26.20298,amUSDT
168,214652,22572,Astrogotchi,2022--04--08 09:55:10,0x38048af4da7d79d2b553836a6d4950d0ac4b60f7,0x9e3c1b0fabeaa17cced39413528c6817e3a046fc,1199,529,541,476,385,5,0x5c2ed810328349100a66b82b78a1791b101c9d61,0.00053716,amWBTC
169,213881,21039,Kazasynda,2022--04--08 09:19:32,0xbe83e4d8e2aa21ba1bbfbef196ac631251d0ca1f,0xb02dc63b4e234e1abc36ead88df610d67f4920dd,740,439,439,459,430,0,0x8df3aad3a84da6b69a4da8aec3ea40d9091b2ac4,5.01224324627523196,amWMATIC
170,214675,16910,Bugsy Siegel,2022--04--08 07:46:58,0xc4fe12630feffdb5ee72eddcbbb43b595407442f,0x352ac32c9663fb7caac363f77b121c34d9acb420,1000,530,530,193,170,0,0x5c2ed810328349100a66b82b78a1791b101c9d61,0.00057120,amWBTC
171,214669,20563,Gercules,2022--04--08 07:30:42,0x68d693d8fa7e5939d1af309ab6684d9448444541,0x22cab81e0fee2bad5b015dbbeb6a374a1b8738de,725,465,465,365,445,0,0x27f8d03b3a2196956ed754badc28d73be8830a6e,25.48342721071072266,amDAI
172,214616,20017,Don Carlo,2022--04--08 06:22:57,0x2a254c18f8e1794b05bea298ae27126df160b9e0,0x265b81d155673c607cf86c335ee5779eaee89ff4,835,521,521,333,70,0,0x27f8d03b3a2196956ed754badc28d73be8830a6e,25.37756740511391106,amDAI
173,214376,17051,,2022--04--08 03:46:03,0x1f8c9f0d6ff045a56f4e6460fa17d4179ecef510,0x88870d426574141ea8dc32be546eb231e065f83b,689,495,495,275,70,0,0x60d55f02a771d515e077c9c2403a1ef324885cec,25.68874,amUSDT
174,213220,15985,ranker!! very high kin xp,2022--04--08 02:48:48,0x73e56a6af00481656ee617b26f0953fb3153872b,0xfb42924649ecb7c25e329e7225a87e2e39da18f8,839,501,501,465,470,0,0x1a13f4ca1d028320a707d99520abfefca3998b7f,30.62246,amUSDC
175,214491,17779,O-Ren Ishii,2022--04--08 02:35:26,0x73e56a6af00481656ee617b26f0953fb3153872b,0x4cb433e0d88e6c98e337f19d32a52dfdb9153b00,748,484,484,483,480,0,0x5c2ed810328349100a66b82b78a1791b101c9d61,0.00053716,amWBTC
176,214647,24097,Moon Bag,2022--04--08 02:32:24,0x73e56a6af00481656ee617b26f0953fb3153872b,0x9e3c1b0fabeaa17cced39413528c6817e3a046fc,890,511,515,476,380,2,0x5c2ed810328349100a66b82b78a1791b101c9d61,0.00053716,amWBTC
177,214645,19938,Whales BTC,2022--04--08 02:28:12,0x73e56a6af00481656ee617b26f0953fb3153872b,0x9e3c1b0fabeaa17cced39413528c6817e3a046fc,790,500,500,476,370,0,0x5c2ed810328349100a66b82b78a1791b101c9d61,0.00053716,amWBTC
178,214599,24728,Maagneto,2022--04--08 02:21:12,0x6583f6273014d7196f2f2deb32b1d7e1a6a61e21,0xa66390425de1f7cfba1ba4fe12ce8d7d573674b3,745,494,498,166,170,2,0x27f8d03b3a2196956ed754badc28d73be8830a6e,25.35614541774372288,amDAI
179,214473,16493,Bitcoin22,2022--04--08 01:00:21,0xe71f283e265352c72c250f9a292abb905ebf4b3a,0xd430f0850fc568de4d460b63cfda9b35383dc4df,710,494,494,423,80,0,0x5c2ed810328349100a66b82b78a1791b101c9d61,0.00054120,amWBTC
180,214629,14050,alphaman,2022--04--08 00:36:08,0x0606e9f7dc6d34ef7aac97a45e423d05ced551f5,0xd41213c320d05c0b6882edf1021328939aa18be6,650,484,484,73,0,0,0x8df3aad3a84da6b69a4da8aec3ea40d9091b2ac4,12.50263738613395268,amWMATIC
181,214517,15702,Ronie,2022--04--07 21:56:39,0x118b427af645e5e696e6da748bd66ac8e4f5e9a8,0x9e3c1b0fabeaa17cced39413528c6817e3a046fc,799,502,502,474,370,0,0x27f8d03b3a2196956ed754badc28d73be8830a6e,25.49210204263680333,amDAI
182,214440,22949,MissAave,2022--04--07 21:44:35,0x118b427af645e5e696e6da748bd66ac8e4f5e9a8,0x9e3c1b0fabeaa17cced39413528c6817e3a046fc,819,514,514,472,380,0,0x1d2a0e5ec8e5bbdca5cb219e649b565d8e5c3360,0.062667291050351361,amAAVE
183,214466,10988,LIL SHID,2022--04--07 21:13:05,0x118b427af645e5e696e6da748bd66ac8e4f5e9a8,0xecaaa9ef6d83122a05aa9584ec32b614eeda8bab,775,495,495,490,360,0,0x60d55f02a771d515e077c9c2403a1ef324885cec,25.98483,amUSDT
184,214540,13270,Grolia,2022--04--07 21:09:16,0x740b74e09ab2ef3ae1785096c9586e9537ca1429,0x9e3c1b0fabeaa17cced39413528c6817e3a046fc,720,497,497,473,370,0,0x28424507fefb6f7f8e9d3860f56504e4e5f5f390,0.007950579590704607,amWETH
185,214597,15871,Casperotchi,2022--04--07 21:06:52,0x4a5ca322053aeb87c1adb9643ed444b3607cbcf0,0xdf97540fd25f355ba8ed53a9ebbe3d7a3b37ee44,685,492,492,237,220,0,0x1d2a0e5ec8e5bbdca5cb219e649b565d8e5c3360,0.062660353121441525,amAAVE
186,214005,21990,brs530/650xp/480kin,2022--04--07 20:27:36,0x740b74e09ab2ef3ae1785096c9586e9537ca1429,0x852271883ed42cc3f9d9559b05ab4784fc768e93,1333,530,530,486,620,0,0x27f8d03b3a2196956ed754badc28d73be8830a6e,25.51027812347781273,amDAI
187,214596,23872,Madeira,2022--04--07 20:17:24,0x6bdf6d03328e04cf4e5079ea347e0c413afcdf63,0xd553294b42bdfeb49d8f5a64e8b2d3a65fc673a9,2500,554,600,66,0,7,0x60d55f02a771d515e077c9c2403a1ef324885cec,100.07909,amUSDT
188,214415,17788,TONTO,2022--04--07 08:54:01,0x81fb60185cac7a2c0cf06ec9c923e9c6f9a72072,0x95ac8d067e3501063fa95f17758da79d4caac37f,789,515,521,64,0,3,0x27f8d03b3a2196956ed754badc28d73be8830a6e,25.00893697216615033,amDAI
189,214297,12458,brs517/700xp/484kin,2022--04--07 06:01:13,0x740b74e09ab2ef3ae1785096c9586e9537ca1429,0xa8119283db3d682482919041db9f22671fd2e771,999,517,517,501,695,0,0x8df3aad3a84da6b69a4da8aec3ea40d9091b2ac4,12.53379748487957576,amWMATIC
190,214455,17568,Time Traaveler,2022--04--07 04:35:48,0x2ed53cbe4650883944d3638f20c2d185cdde28d3,0xdf14100b76a5b5fd46fba22b7ac124919cffc92a,680,493,509,54,0,6,0x27f8d03b3a2196956ed754badc28d73be8830a6e,25.00761834000523252,amDAI
191,214468,12154,LL cool,2022--04--07 03:40:24,0x0538b3956381b560ed18a99f7887add3a4dc478d,0xd430f0850fc568de4d460b63cfda9b35383dc4df,750,534,534,335,290,0,0x1d2a0e5ec8e5bbdca5cb219e649b565d8e5c3360,0.250663308288840205,amAAVE
192,205367,19495,SHIVA,2022--04--07 03:18:12,0x124e64c9ed898d4a8b130f6acb76b33e21cd711c,0x042915227e6a85034f10a956e755da65db5ca1c9,1000,532,572,46,5,7,0x28424507fefb6f7f8e9d3860f56504e4e5f5f390,0.031795953078075249,amWETH
193,214154,11834,brs507/675xp/kin483,2022--04--07 02:15:03,0x75e26205c2bbf944edef2ac1e309b0a7aed4e524,0xa8119283db3d682482919041db9f22671fd2e771,888,507,507,497,675,0,0x28424507fefb6f7f8e9d3860f56504e4e5f5f390,0.007951516195027425,amWETH
194,214367,23246,celebrate life,2022--04--07 01:17:06,0x5fc75cbbcddf4398c5c2949a5736e299c1440576,0x50e18217b3f82f6567dccc837050877aa6106eb7,679,494,494,112,25,0,0x28424507fefb6f7f8e9d3860f56504e4e5f5f390,0.007940405620648464,amWETH
195,214438,15063,KRG5,2022--04--07 00:25:05,0xfcb85d4139123b1ec6746d1c487a2201045b9f72,0x9e3c1b0fabeaa17cced39413528c6817e3a046fc,669,470,474,403,90,1,0x28424507fefb6f7f8e9d3860f56504e4e5f5f390,0.008014620490548909,amWETH
196,214439,16933,Top kin/xp,2022--04--07 00:23:41,0xfcb85d4139123b1ec6746d1c487a2201045b9f72,0x9e3c1b0fabeaa17cced39413528c6817e3a046fc,730,459,463,372,475,2,0x1a13f4ca1d028320a707d99520abfefca3998b7f,25.47411,amUSDC
197,171977,18862,90's Baby,2022--04--06 23:40:15,0x2d71ddd6e3eb1bab42be53821871901365607c82,0xdc1cbe01b1a974fa038b98423e1a279edd6dad10,848,514,514,30,0,0,0x5c2ed810328349100a66b82b78a1791b101c9d61,0.00060018,amWBTC
198,214386,13568,Nano,2022--04--06 21:27:01,0x13703f43d5aae2b1032da92e07415ae79839930d,0x852271883ed42cc3f9d9559b05ab4784fc768e93,1234,529,547,363,430,6,0x5c2ed810328349100a66b82b78a1791b101c9d61,0.00054016,amWBTC
199,214345,13519,Green-Peach,2022--04--06 20:09:25,0x0bc9e904faf16cb8ecaa9d2b26a12b39ffe78dc5,0x59c3d7966837e8c6b96251b6ea0ef2cd4b17015c,650,487,487,128,275,0,0x27f8d03b3a2196956ed754badc28d73be8830a6e,25.04084436117908829,amDAI
200,214342,21821,Satoshi__Nakamoto,2022--04--06 18:46:30,0x7e7daed02749543411b792774190d7e74110ee78,0xaa1fbe434eb61ca6d7967e7ddc13d93422007892,739,503,503,347,70,0,0x1d2a0e5ec8e5bbdca5cb219e649b565d8e5c3360,0.062665821590138800,amAAVE
201,214371,12320,Eliade,2022--04--06 18:45:08,0x83713a1be5a18750d8370a51f9d6ff39f6b4e815,0xa915023b3ed1e00e078789e63de079b4d6dcc348,649.1,476,476,83,20,0,0x8df3aad3a84da6b69a4da8aec3ea40d9091b2ac4,12.50413479524222496,amWMATIC
202,213731,19989,aldo,2022--04--06 18:40:16,0x7e7daed02749543411b792774190d7e74110ee78,0xd430f0850fc568de4d460b63cfda9b35383dc4df,740,494,494,335,70,0,0x60d55f02a771d515e077c9c2403a1ef324885cec,25.76016,amUSDT
203,214229,24923,wETH GOTCHI 525 XP,2022--04--06 18:22:42,0x071d217637b6322a7faac6895a9eb00e529d3424,0x417aff82d2cd9fd39fe790af5798ae865fbe8c48,769,505,505,341,525,0,0x28424507fefb6f7f8e9d3860f56504e4e5f5f390,0.007949669427514287,amWETH
204,214223,23830,POLY GOTCHI 340 XP,2022--04--06 18:13:46,0x071d217637b6322a7faac6895a9eb00e529d3424,0xcf78634daf4c5421914797905a4606dc50f5c883,684,404,404,408,340,0,0x8df3aad3a84da6b69a4da8aec3ea40d9091b2ac4,5.01226622942475921,amWMATIC
205,214377,22823,Anthony Di Iorio,2022--04--06 16:08:34,0x2dc865dd182bc09c9b0a4e6aa2ff0f6d512d6918,0xcdb0cb1d4b3cc7da8cb7692f68e68438bb986fff,659,500,500,328,70,0,0x27f8d03b3a2196956ed754badc28d73be8830a6e,25.35915919569295064,amDAI
206,214368,11693,NAMELESS,2022--04--06 13:29:39,0xccd70c3129aea9ec9ea67e9fb73b11acbe2bf122,0x19863b03d848e8814290a22039eafaee221c70b4,650,492,492,186,0,0,0x1a13f4ca1d028320a707d99520abfefca3998b7f,25.62104,amUSDC
207,214267,22060,Vitalygotchi,2022--04--06 10:44:27,0x0ffa3739836a6200ea11ad98a09c759c9f247c8c,0xa12c1f39165bf802f7acf10e5f8ebe6470e5e879,1234,531,545,206,150,3,0x60d55f02a771d515e077c9c2403a1ef324885cec,102.39904,amUSDT
208,214280,14655,backend,2022--04--06 10:29:14,0xf0f7ab21e64f30d63dbc393dc017c20cba26e446,0xafd0f17fbe32c18f2d590d2bd1fe9ddf1f000004,680,491,491,198,190,0,0x28424507fefb6f7f8e9d3860f56504e4e5f5f390,0.007941824002726920,amWETH
209,214305,23213,Glitter Girl 2,2022--04--06 07:54:59,0xcd8eddd0a27047d53d65f23d483a8a169d54526b,0x852271883ed42cc3f9d9559b05ab4784fc768e93,999,528,540,309,420,2,0x5c2ed810328349100a66b82b78a1791b101c9d61,0.00053715,amWBTC
210,213556,13696,Glitter Girl 3,2022--04--06 07:53:35,0xcd8eddd0a27047d53d65f23d483a8a169d54526b,0x9bb497e1ae855fa3f269a5fdd50184c5b4b733c8,810,513,535,76,0,2,0x1a13f4ca1d028320a707d99520abfefca3998b7f,25.02406,amUSDC
211,214168,11515,Glitter Girl 4,2022--04--06 07:51:37,0xcd8eddd0a27047d53d65f23d483a8a169d54526b,0xe21efe617bd3cf0bd22a2eaa5749c5d6938cb645,700,504,506,50,0,1,0x1d2a0e5ec8e5bbdca5cb219e649b565d8e5c3360,0.084901304511769909,amAAVE
212,214291,18090,,2022--04--06 05:27:12,0x19971894a82f7f99991bcc230cefce4a60d50639,0xce0ea75b2df2a889328476a93510a0cccfb7b0ac,679,459,459,72,0,0,0x28424507fefb6f7f8e9d3860f56504e4e5f5f390,0.007936651564735661,amWETH
213,214306,21447,Tanky Range DMG S2,2022--04--06 05:26:36,0x19971894a82f7f99991bcc230cefce4a60d50639,0xdf14100b76a5b5fd46fba22b7ac124919cffc92a,675,466,466,72,0,0,0x1d2a0e5ec8e5bbdca5cb219e649b565d8e5c3360,0.062657055889825112,amAAVE
214,214283,10375,NewBeeTato,2022--04--06 03:13:25,0xee63d9ca6ecaa334ba0c3311b3dbd5de0132ba4c,0xb1f56a37738c16d150c9aaa5441f056e65f4fbd6,629,498,498,72,0,0,0x28424507fefb6f7f8e9d3860f56504e4e5f5f390,0.008000134257324954,amWETH
215,214261,16650,Ether Beaver,2022--04--06 01:57:21,0x74ad1bc6bab92bdfbe34b9b5e3f277c498133a25,0xd697634808ae6923af7dc7ec89ad1cd7bb7607d6,666,498,498,64,0,0,0x28424507fefb6f7f8e9d3860f56504e4e5f5f390,0.007936842535979773,amWETH
216,214167,6638,Horo Kun,2022--04--05 21:44:40,0x4a5ca322053aeb87c1adb9643ed444b3607cbcf0,0xecd876d47ac675d2974acb9aed22eed2e088fec1,900,515,515,224,370,1,0xe20f7d1f0ec39c4d5db01f53554f2ef54c71f613,0.001219926468312313,maYFI
217,214203,22784,MYTH. EYE,2022--04--05 20:54:17,0xdffae50260a79d24188de7cd177453285779c609,0xafd0f17fbe32c18f2d590d2bd1fe9ddf1f000004,692,471,471,290,70,0,0x1d2a0e5ec8e5bbdca5cb219e649b565d8e5c3360,0.063008845405327950,amAAVE
218,214220,23731,Gotche,2022--04--05 20:16:49,0xdd1dcb8c0b1fcd2cd447423d9e07a6d66527412e,0xd6316672bd3560ec29a8cc63ca623dd99b288f2e,684,482,482,418,340,0,0x28424507fefb6f7f8e9d3860f56504e4e5f5f390,0.007950267782041725,amWETH
219,214213,8490,bayraktar,2022--04--05 17:43:25,0xf1d88980505e00db65609ec5420f40c3eb1b77fd,0x58133228c272cd671c5f0072fe12beb9f41e50fd,2000,540,554,96,85,4,0x20d3922b4a1a8560e1ac99fba4fade0c849e2142,0.068696285142190688,maWETH
220,214155,17588,x2,2022--04--05 15:37:14,0x255f450c7dfe7d1584add15c020705b236e88d4a,0xd430f0850fc568de4d460b63cfda9b35383dc4df,700,471,471,412,80,0,0x1d2a0e5ec8e5bbdca5cb219e649b565d8e5c3360,0.063290876400656828,amAAVE
221,213961,21477,Jeff Beck,2022--04--05 13:07:22,0xdf572e905e2730efdbfb8d11829571d3a516acd3,0xdf14100b76a5b5fd46fba22b7ac124919cffc92a,2333,550,550,74,0,0,0x1d2a0e5ec8e5bbdca5cb219e649b565d8e5c3360,0.250629307710307084,amAAVE
222,214116,14567,Boring ape,2022--04--05 12:57:34,0x38ff11d71e32d6a97da15bdcfbcdfccdeda9e637,0xa8119283db3d682482919041db9f22671fd2e771,730,489,489,507,675,0,0x5c2ed810328349100a66b82b78a1791b101c9d61,0.00053716,amWBTC
223,211868,905,Baby Bitty,2022--04--05 12:00:13,0x076f8c928fbbe835a96b2651eda379b6eb34d396,0x1ebb73f5f47bcc3d7dc1dabf7284875e3ae40e07,800,429,429,0,0,0,0x9719d867a500ef117cc201206b8ab51e794d3f82,10.00000,maUSDC
224,213998,24379,Dolleegotchi,2022--04--05 11:36:19,0x38048af4da7d79d2b553836a6d4950d0ac4b60f7,0x2f3045ce8f70757e5cbad58215134aedaf2e4ca4,1050,535,543,393,150,3,0x1a13f4ca1d028320a707d99520abfefca3998b7f,100.10664,amUSDC
225,214129,22823,Anthony Di Iorio,2022--04--05 10:52:13,0xcdb0cb1d4b3cc7da8cb7692f68e68438bb986fff,0xaa1fbe434eb61ca6d7967e7ddc13d93422007892,378,500,500,328,70,0,0x27f8d03b3a2196956ed754badc28d73be8830a6e,25.35915919569295064,amDAI
226,213739,19484,0xJpeg,2022--04--05 09:22:43,0xf78fe967ead6007c8f16e07fbb0f2626f88ad0df,0x417aff82d2cd9fd39fe790af5798ae865fbe8c48,819,508,508,378,515,0,0x5c2ed810328349100a66b82b78a1791b101c9d61,0.00054875,amWBTC
227,214110,13089,Snooooopy,2022--04--05 09:13:29,0x4cb433e0d88e6c98e337f19d32a52dfdb9153b00,0xbf95d0d1ab72bce873928928942e1bdba24aa588,730,485,485,54,10,0,0x28424507fefb6f7f8e9d3860f56504e4e5f5f390,0.007987859872711761,amWETH
228,213594,21060,Cactus,2022--04--05 09:13:07,0x9b8cb1326b8adf7c8354a42a0ed3c680ecf31699,0xa33aa58fd2795ea89a84c19cacdad50915194980,775,488,488,509,525,0,0x8df3aad3a84da6b69a4da8aec3ea40d9091b2ac4,12.77133798607578895,amWMATIC
229,213837,10062,Zeto,2022--04--05 08:15:57,0xb3749ab08c12ae8bcd95a5f11272927a2ebc36d5,0x265b81d155673c607cf86c335ee5779eaee89ff4,899,528,554,310,290,5,0x5c2ed810328349100a66b82b78a1791b101c9d61,0.00053713,amWBTC
230,213630,3451,Liu Xiang,2022--04--05 07:12:41,0xc4fe12630feffdb5ee72eddcbbb43b595407442f,0xa0bb461c93a2db1b5262721c76079c74efc3d37f,1050,523,529,75,0,3,0xf4b8888427b00d7caf21654408b7cba2ecf4ebd9,25.15564569000000000,maTUSD
231,214067,11390,GNARIZARD,2022--04--05 06:35:43,0x44a496a49f7e3bedf40e5095c26d429b3a75c1f8,0xf78fe967ead6007c8f16e07fbb0f2626f88ad0df,725,495,495,55,70,0,0x27f8d03b3a2196956ed754badc28d73be8830a6e,25.47002135440806167,amDAI
232,213498,7334,POLYGONALLY,2022--04--05 05:30:05,0xe333845affc43f6bef32aa9106fd8bbd24b84a62,0xbe93b099887667b5d9210354da3b23b9de54c32f,899,498,498,232,370,0,0x20d3922b4a1a8560e1ac99fba4fade0c849e2142,0.017158544955387775,maWETH
233,213451,7673,Haaaunt,2022--04--05 04:53:19,0xb3749ab08c12ae8bcd95a5f11272927a2ebc36d5,0xaf09521189761d72dcfc71010ae82be0ff443d91,800,427,427,222,265,1,0x823cd4264c1b951c9209ad0deaea9988fe8429bf,0.031055900621118010,maAAVE
234,214015,22494,Alfie,2022--04--05 04:20:17,0x8b208a8f61e6e502cbb28c3f17412b30ce6dfd70,0x9e3c1b0fabeaa17cced39413528c6817e3a046fc,790,516,516,478,380,1,0x60d55f02a771d515e077c9c2403a1ef324885cec,25.93935,amUSDT
235,214019,20766,s-27,2022--04--05 01:28:25,0x551486c2335d027662b4c603ac203d7a7b30320e,0xda9203a4b0e5766b1d4169b3c7561bc4733296f8,728,502,502,475,405,0,0x5c2ed810328349100a66b82b78a1791b101c9d61,0.00053715,amWBTC
236,213987,22846,HOT CHOCOLATE,2022--04--04 22:16:07,0xe71f283e265352c72c250f9a292abb905ebf4b3a,0xda9203a4b0e5766b1d4169b3c7561bc4733296f8,732,487,487,393,120,0,0x28424507fefb6f7f8e9d3860f56504e4e5f5f390,0.007948705197231870,amWETH
237,213986,10655,CopCon2,2022--04--04 22:13:19,0x3c2262255793f2b4629f7b9a2d57ce78f7842a8d,0xda9203a4b0e5766b1d4169b3c7561bc4733296f8,718,492,492,221,0,0,0x27f8d03b3a2196956ed754badc28d73be8830a6e,25.10581652480060694,amDAI
238,208498,7224,sega201183,2022--04--04 20:48:15,0xb3ad42be1787f1526232e9417703f263cfd75806,0xc4f1e3020e1b07b66afbbbee30f50383f46d7091,1010,495,497,323,340,4,0x823cd4264c1b951c9209ad0deaea9988fe8429bf,0.077639751552795025,maAAVE
239,213735,17491,Bomba,2022--04--04 19:11:27,0xe71f283e265352c72c250f9a292abb905ebf4b3a,0xbf95d0d1ab72bce873928928942e1bdba24aa588,739,484,484,324,70,0,0x1a13f4ca1d028320a707d99520abfefca3998b7f,25.40924,amUSDC
240,213816,18916,MaleWiadomosciDD,2022--04--04 18:20:54,0xe71f283e265352c72c250f9a292abb905ebf4b3a,0xaa1fbe434eb61ca6d7967e7ddc13d93422007892,738,483,483,330,70,0,0x8df3aad3a84da6b69a4da8aec3ea40d9091b2ac4,12.52595803428064112,amWMATIC
241,213919,12434,Naughty Floor,2022--04--04 18:12:46,0x4cb433e0d88e6c98e337f19d32a52dfdb9153b00,0xa915023b3ed1e00e078789e63de079b4d6dcc348,699,464,464,61,60,0,0x1d2a0e5ec8e5bbdca5cb219e649b565d8e5c3360,0.062657091456465249,amAAVE
242,213792,18624,Mono/Poly,2022--04--04 17:35:52,0xe2ed8448c47b00d505abbdee375c346b4c40d09b,0x7540db3e26d453ee6298bbdd263a8e4d88bfbe7f,909,531,531,325,290,0,0x8df3aad3a84da6b69a4da8aec3ea40d9091b2ac4,50.01159134611356308,amWMATIC
243,213883,14507,s-31,2022--04--04 17:30:22,0x551486c2335d027662b4c603ac203d7a7b30320e,0xe08fd80d7d0593a616c01a3f2a17bdc3206c71b4,750,493,493,407,500,0,0x1d2a0e5ec8e5bbdca5cb219e649b565d8e5c3360,0.062665382645708687,amAAVE
244,213885,19521,Kek Maagnet,2022--04--04 17:30:04,0xbeaf6a453b4edac9685400221264d20edbe3dd6e,0xb02dc63b4e234e1abc36ead88df610d67f4920dd,735,408,408,456,430,0,0x5c2ed810328349100a66b82b78a1791b101c9d61,0.00021486,amWBTC
245,213880,22145,s-10,2022--04--04 17:23:04,0x551486c2335d027662b4c603ac203d7a7b30320e,0xe08fd80d7d0593a616c01a3f2a17bdc3206c71b4,810,516,516,443,540,0,0x60d55f02a771d515e077c9c2403a1ef324885cec,25.71668,amUSDT
246,213795,14419,Polygonero,2022--04--04 17:10:05,0x18e6534ab741ce7a3352f6f2e51991ba51dcf5e6,0x335be2ea49e9f5cdabca69f92237d68ad6372aee,775,516,516,418,255,0,0x8df3aad3a84da6b69a4da8aec3ea40d9091b2ac4,13.05015738242843352,amWMATIC
247,213725,11852,Breakbot,2022--04--04 16:43:12,0xe2ed8448c47b00d505abbdee375c346b4c40d09b,0xdf14100b76a5b5fd46fba22b7ac124919cffc92a,790,517,517,78,0,0,0x60d55f02a771d515e077c9c2403a1ef324885cec,25.06349,amUSDT
248,213878,24423,Simba,2022--04--04 16:17:46,0xa1a39bd76a3180c48611476dfaf75b28f990c8d3,0xe08fd80d7d0593a616c01a3f2a17bdc3206c71b4,750,491,491,430,525,0,0x5c2ed810328349100a66b82b78a1791b101c9d61,0.00053716,amWBTC
249,213862,24939,BRS 533 300KIN BB,2022--04--04 15:32:58,0x868fa0b65c7cd7fbaa757a703410355e746afc6b,0xaf09521189761d72dcfc71010ae82be0ff443d91,999,533,533,338,240,0,0x60d55f02a771d515e077c9c2403a1ef324885cec,103.38698,amUSDT
250,213770,12223,Master Bates,2022--04--04 13:50:53,0xa6ab5ca03954e8b2bb54e9006efb8e68824271fa,0xa8119283db3d682482919041db9f22671fd2e771,888,520,520,493,675,0,0x60d55f02a771d515e077c9c2403a1ef324885cec,25.98464,amUSDT
251,213566,23598,Cranberry,2022--04--04 13:43:33,0xf78fe967ead6007c8f16e07fbb0f2626f88ad0df,0xa33aa58fd2795ea89a84c19cacdad50915194980,800,504,504,475,545,0,0x8df3aad3a84da6b69a4da8aec3ea40d9091b2ac4,12.53154581461533321,amWMATIC
252,213827,13187,Shanks_9,2022--04--04 13:38:25,0x4cb433e0d88e6c98e337f19d32a52dfdb9153b00,0xa8119283db3d682482919041db9f22671fd2e771,750,495,495,491,555,0,0x27f8d03b3a2196956ed754badc28d73be8830a6e,25.51045397986924110,amDAI
253,213757,11401,Zulu Seven,2022--04--04 13:37:25,0xa2e434253b101e3478b153f2af24a662ef142ed3,0xb63cf382fd5805f8a377cfc6eb75fdd46b9ec847,725,486,486,351,80,0,0x8df3aad3a84da6b69a4da8aec3ea40d9091b2ac4,12.54252135701609541,amWMATIC
254,213793,20330,Zulu Six,2022--04--04 13:37:09,0xa2e434253b101e3478b153f2af24a662ef142ed3,0xa915023b3ed1e00e078789e63de079b4d6dcc348,720,501,501,81,20,0,0x60d55f02a771d515e077c9c2403a1ef324885cec,25.08517,amUSDT
255,213578,20504,Echo,2022--04--04 13:29:25,0xa6ab5ca03954e8b2bb54e9006efb8e68824271fa,0xa33aa58fd2795ea89a84c19cacdad50915194980,799,505,505,495,515,0,0x28424507fefb6f7f8e9d3860f56504e4e5f5f390,0.008242802445468316,amWETH
256,213690,12353,Geto,2022--04--04 13:11:44,0xb3749ab08c12ae8bcd95a5f11272927a2ebc36d5,0x852271883ed42cc3f9d9559b05ab4784fc768e93,1299,533,567,491,630,5,0x27f8d03b3a2196956ed754badc28d73be8830a6e,102.27040443903275682,amDAI
257,213803,21771,Stock to flow,2022--04--04 12:38:37,0xf78fe967ead6007c8f16e07fbb0f2626f88ad0df,0xb9301c0001065de513aa0cf1baea9efb58a2e775,750,458,458,499,460,0,0x5c2ed810328349100a66b82b78a1791b101c9d61,0.00053716,amWBTC
258,213805,9030,Free Tyrion,2022--04--04 12:34:29,0x262336fd3eda533826aa4c92c9f23563f9f90693,0xaf09521189761d72dcfc71010ae82be0ff443d91,1099,525,557,254,720,5,0x8c8bdbe9cee455732525086264a4bf9cf821c498,1.10000000000000000,maUNI
259,213783,4468,RETIRED OG,2022--04--04 12:27:45,0x82131e86d080312e13605aada6538a94df5b41a5,0xa8119283db3d682482919041db9f22671fd2e771,999,497,497,784,840,1,0x20d3922b4a1a8560e1ac99fba4fade0c849e2142,0.017158544955387775,maWETH
260,213769,24835,Mythe,2022--04--04 12:16:11,0xe71f283e265352c72c250f9a292abb905ebf4b3a,0xc6b513084dcc71cc9814dc05acba0001d17d7512,738,498,498,416,340,0,0x28424507fefb6f7f8e9d3860f56504e4e5f5f390,0.007950268165354917,amWETH
261,213775,18551,675xp/453kin/brs500+,2022--04--04 11:01:26,0x7f433b38dd933cea19506d1fc26369b326d55cec,0xa8119283db3d682482919041db9f22671fd2e771,790,508,508,508,675,0,0x1a13f4ca1d028320a707d99520abfefca3998b7f,25.52160,amUSDC
262,213664,10315,Ela,2022--04--04 10:59:24,0xe2ed8448c47b00d505abbdee375c346b4c40d09b,0xaf09521189761d72dcfc71010ae82be0ff443d91,899,525,533,301,70,1,0x8df3aad3a84da6b69a4da8aec3ea40d9091b2ac4,12.52504002630408729,amWMATIC
263,213650,21484,McNuggets,2022--04--04 10:14:50,0xe2ed8448c47b00d505abbdee375c346b4c40d09b,0x265b81d155673c607cf86c335ee5779eaee89ff4,995,533,549,344,290,3,0x1d2a0e5ec8e5bbdca5cb219e649b565d8e5c3360,0.250664294647181337,amAAVE
264,213768,16577,700XP 500KIN 3 MYTH BEST,2022--04--04 10:08:30,0xaf09521189761d72dcfc71010ae82be0ff443d91,0xa8119283db3d682482919041db9f22671fd2e771,777,506,506,508,695,0,0x28424507fefb6f7f8e9d3860f56504e4e5f5f390,0.007954521701951006,amWETH
265,213687,1550,Harry Dunn,2022--04--04 08:37:54,0x7c6c4657cee897cd3168cff45fa9681b2a3b19c4,0xc6b513084dcc71cc9814dc05acba0001d17d7512,760,372,372,242,305,1,0xf4b8888427b00d7caf21654408b7cba2ecf4ebd9,10.00000000000000000,maTUSD
266,213490,9621,firebolt,2022--04--04 07:13:38,0xd430f0850fc568de4d460b63cfda9b35383dc4df,0x785e8a2313e6ff2a51c2928dd1ffa8ee19166a91,1000,503,513,123,120,4,0xe20f7d1f0ec39c4d5db01f53554f2ef54c71f613,0.000797702616464575,maYFI
267,213729,12352,,2022--04--04 07:04:27,0x3c2262255793f2b4629f7b9a2d57ce78f7842a8d,0xd430f0850fc568de4d460b63cfda9b35383dc4df,750,509,509,365,100,0,0x60d55f02a771d515e077c9c2403a1ef324885cec,25.88995,amUSDT
268,213723,17953,Rickles,2022--04--04 07:03:43,0x3c2262255793f2b4629f7b9a2d57ce78f7842a8d,0xdf14100b76a5b5fd46fba22b7ac124919cffc92a,740,498,498,76,0,0,0x60d55f02a771d515e077c9c2403a1ef324885cec,25.07097,amUSDT
269,213668,12894,GotchiNakamoto,2022--04--04 02:37:41,0x3c97715592d312a72c0eb1b3054779ad44e769ad,0xa8119283db3d682482919041db9f22671fd2e771,749,484,484,394,545,0,0x28424507fefb6f7f8e9d3860f56504e4e5f5f390,0.007949065918078804,amWETH
270,213697,13240,MYTHICAL & RARE EYES,2022--04--04 02:28:03,0x3c2262255793f2b4629f7b9a2d57ce78f7842a8d,0x0bffc731d7fa5ef9e169e0ad5dd65b12b56e81a5,740,480,480,114,10,0,0x60d55f02a771d515e077c9c2403a1ef324885cec,25.12524,amUSDT
271,213565,13093,Stacy,2022--04--03 23:41:21,0x118b427af645e5e696e6da748bd66ac8e4f5e9a8,0xa33aa58fd2795ea89a84c19cacdad50915194980,850,504,504,499,525,0,0x5c2ed810328349100a66b82b78a1791b101c9d61,0.00057591,amWBTC
272,213575,14034,Jessie,2022--04--03 23:38:55,0x118b427af645e5e696e6da748bd66ac8e4f5e9a8,0xa33aa58fd2795ea89a84c19cacdad50915194980,1000,525,525,499,525,0,0x27f8d03b3a2196956ed754badc28d73be8830a6e,26.58298540406418007,amDAI
273,213580,19435,Pluto,2022--04--03 21:07:16,0x18932848b2f9b14b70972a1400133d1ed6342114,0xa33aa58fd2795ea89a84c19cacdad50915194980,780,501,501,509,525,0,0x28424507fefb6f7f8e9d3860f56504e4e5f5f390,0.008255723381197940,amWETH
274,213582,11575,Neymar Jr,2022--04--03 20:12:26,0x2faf55a544c5f73666438bc185aecc9d685e6e3c,0xa33aa58fd2795ea89a84c19cacdad50915194980,780,474,474,505,525,0,0x5c2ed810328349100a66b82b78a1791b101c9d61,0.00062209,amWBTC
275,213591,6757,Sassy,2022--04--03 19:46:37,0x81fb60185cac7a2c0cf06ec9c923e9c6f9a72072,0xa33aa58fd2795ea89a84c19cacdad50915194980,795,495,505,385,475,4,0x8c8bdbe9cee455732525086264a4bf9cf821c498,1.08695652173913042,maUNI
276,213588,12824,CryptoForest,2022--04--03 19:10:11,0x8ed221d70fa7dbd752c940e0a0ade986b04c0d7f,0xa33aa58fd2795ea89a84c19cacdad50915194980,769,404,404,501,525,1,0x60d55f02a771d515e077c9c2403a1ef324885cec,10.39408,amUSDT
277,213576,9456,Taylor,2022--04--03 19:01:11,0x5fe53632cbffc86a33fda1a0d0905ca849f8360d,0xa33aa58fd2795ea89a84c19cacdad50915194980,1000,521,523,599,660,2,0x8c8bdbe9cee455732525086264a4bf9cf821c498,1.08695652173913042,maUNI
278,213579,21570,Clinton,2022--04--03 18:58:03,0x407900a16df05b1592e77f40ea87410baecdd8fe,0xa33aa58fd2795ea89a84c19cacdad50915194980,750,504,504,509,525,1,0x1a13f4ca1d028320a707d99520abfefca3998b7f,26.51495,amUSDC
279,213549,21484,McNuggets,2022--04--03 18:04:53,0x265b81d155673c607cf86c335ee5779eaee89ff4,0xd430f0850fc568de4d460b63cfda9b35383dc4df,800,533,549,344,290,3,0x1d2a0e5ec8e5bbdca5cb219e649b565d8e5c3360,0.250664294647181337,amAAVE
280,213553,20017,Don Carlo,2022--04--03 17:59:57,0x265b81d155673c607cf86c335ee5779eaee89ff4,0xd430f0850fc568de4d460b63cfda9b35383dc4df,755,521,521,333,70,0,0x27f8d03b3a2196956ed754badc28d73be8830a6e,25.37756740511391106,amDAI
281,213533,10076,s-15,2022--04--03 16:25:07,0x551486c2335d027662b4c603ac203d7a7b30320e,0xd430f0850fc568de4d460b63cfda9b35383dc4df,760,510,510,350,300,0,0x1d2a0e5ec8e5bbdca5cb219e649b565d8e5c3360,0.062665821425417693,amAAVE
282,213532,22057,Banzi,2022--04--03 16:20:07,0x02206509a713e003bd099fd12a2edfef9af84665,0xfc21c7d2fac4f5ef66f8b2dab3045d6ac285aea2,760,512,512,339,70,0,0x27f8d03b3a2196956ed754badc28d73be8830a6e,25.37795776772117394,amDAI
283,213502,15370,AANONYMOUZZ,2022--04--03 15:51:11,0xce0ea75b2df2a889328476a93510a0cccfb7b0ac,0xb5515aa5e490e23f47b8676580e45056a54eeb69,749,463,463,133,0,0,0x8df3aad3a84da6b69a4da8aec3ea40d9091b2ac4,12.57761722647072277,amWMATIC
284,213519,2096,DOUBLE MYTH 600KIN,2022--04--03 15:47:49,0xaf09521189761d72dcfc71010ae82be0ff443d91,0xd430f0850fc568de4d460b63cfda9b35383dc4df,820,487,487,598,280,1,0x823cd4264c1b951c9209ad0deaea9988fe8429bf,0.077640000000000000,maAAVE
285,213517,10315,Ela,2022--04--03 15:42:53,0xaf09521189761d72dcfc71010ae82be0ff443d91,0xd430f0850fc568de4d460b63cfda9b35383dc4df,750,525,533,301,70,1,0x8df3aad3a84da6b69a4da8aec3ea40d9091b2ac4,12.52504002630408729,amWMATIC
286,213472,17808,s-21,2022--04--03 15:12:39,0x551486c2335d027662b4c603ac203d7a7b30320e,0x6facad44e126f2cacde44a0b2b85ce1b643495d1,800,501,501,398,475,0,0x8df3aad3a84da6b69a4da8aec3ea40d9091b2ac4,12.74752557741205310,amWMATIC
287,213299,16683,Dr. Infinite,2022--04--03 15:05:11,0x2dc865dd182bc09c9b0a4e6aa2ff0f6d512d6918,0x5ae7ae79765973ca60ee9f9e29866b63952ae807,760,484,484,109,10,0,0x8df3aad3a84da6b69a4da8aec3ea40d9091b2ac4,12.50608107739803320,amWMATIC
288,213475,22055,Albert Caamus,2022--04--03 14:10:51,0xc0c3a547231ea6aebc543826bc55895b015467b3,0x9e3c1b0fabeaa17cced39413528c6817e3a046fc,890,526,526,476,390,0,0x1d2a0e5ec8e5bbdca5cb219e649b565d8e5c3360,0.062667308549370020,amAAVE
289,213408,18529,LOW BRS,2022--04--03 13:46:01,0x87ca4fbdd7b363e6a9ecc602c55f66421d441b84,0xc6b513084dcc71cc9814dc05acba0001d17d7512,740,357,357,232,295,0,0x5c2ed810328349100a66b82b78a1791b101c9d61,0.00021483,amWBTC
290,171974,12589,Mike Hunt,2022--04--03 13:33:11,0x0c53f08c9c11ca0e03e841783c2b2a924ff4f4a7,0xdc1cbe01b1a974fa038b98423e1a279edd6dad10,987,532,534,53,0,1,0x27f8d03b3a2196956ed754badc28d73be8830a6e,102.05782435967530873,amDAI
291,213318,3895,Gaame,2022--04--03 13:31:49,0xe25b8fa6e21f67f8dcccf1222d23faf6f2e84a2f,0x3a120fdd1260422fc76cb5c7e9b5e6f292c96b56,2799,534,534,846,1500,1,0x20d3922b4a1a8560e1ac99fba4fade0c849e2142,0.068634179821551100,maWETH
292,213434,10414,navy,2022--04--03 12:32:51,0x66815000737befe62ccb8660f884888eb4014642,0xd430f0850fc568de4d460b63cfda9b35383dc4df,735,500,500,411,80,0,0x28424507fefb6f7f8e9d3860f56504e4e5f5f390,0.007953989344583859,amWETH
293,213301,17697,LawYah,2022--04--03 10:31:57,0x0b81747f504dfc906a215e301d8b8ad82e44cbd2,0xaa1fbe434eb61ca6d7967e7ddc13d93422007892,789,505,513,336,70,3,0x8df3aad3a84da6b69a4da8aec3ea40d9091b2ac4,12.52714320046438709,amWMATIC
294,213273,22321,Yat,2022--04--03 09:34:06,0xd4653142f875a8ee31f57018634d128220c98f58,0x1d0542b616c691a002e90a713e7d094c0f8e022d,755,374,374,212,385,0,0x28424507fefb6f7f8e9d3860f56504e4e5f5f390,0.003180184699491149,amWETH
295,213389,18529,LOW BRS,2022--04--03 09:13:54,0xc6b513084dcc71cc9814dc05acba0001d17d7512,0x3c25ae7dae49b3c24439549928bfc1df60a0ad20,695,357,357,232,295,0,0x5c2ed810328349100a66b82b78a1791b101c9d61,0.00021483,amWBTC
296,213388,7673,Haaaunt,2022--04--03 09:13:36,0xaf09521189761d72dcfc71010ae82be0ff443d91,0x3c25ae7dae49b3c24439549928bfc1df60a0ad20,725,427,427,222,265,1,0x823cd4264c1b951c9209ad0deaea9988fe8429bf,0.031055900621118010,maAAVE
297,213390,1550,Harry Dunn,2022--04--03 09:12:34,0xc6b513084dcc71cc9814dc05acba0001d17d7512,0x3c25ae7dae49b3c24439549928bfc1df60a0ad20,705,372,372,242,305,1,0xf4b8888427b00d7caf21654408b7cba2ecf4ebd9,10.00000000000000000,maTUSD
298,110470,2279,LOW,2022--04--03 09:09:20,0x0d8c72f47c9217f003c82478993b145c4965c526,0xf2c245d2872427686f46c0c910659888ca9afa62,800,365,365,41,35,0,0xe0b22e0037b130a9f56bbb537684e6fa18192341,20.77210495353436098,maDAI
299,213377,16545,KRG8,2022--04--03 09:06:16,0x0d8c72f47c9217f003c82478993b145c4965c526,0xc6b513084dcc71cc9814dc05acba0001d17d7512,738,444,444,337,310,0,0x27f8d03b3a2196956ed754badc28d73be8830a6e,10.16291780173100988,amDAI
300,213372,23800,Kinship Donor,2022--04--03 08:57:52,0xed3bbbe2e3eace311a94b059508bbdda9149ab23,0xa44eea8180ac3f66e7dbeab8d0a15cbf1c90b05f,749,462,462,425,500,0,0x60d55f02a771d515e077c9c2403a1ef324885cec,25.94206,amUSDT
301,213238,6468,Cheap High Kinship H1,2022--04--03 08:55:42,0xed3bbbe2e3eace311a94b059508bbdda9149ab23,0xdc6953c238c4ffff57d7c16ac32bc716f7074e3a,1150,464,464,519,615,1,0x9719d867a500ef117cc201206b8ab51e794d3f82,25.00000,maUSDC
302,213320,11744,Rick and Morty,2022--04--03 07:30:09,0xdabb14edd4555d0b4baef125ee59150c2f50c426,0x0e75d423b4e5a53997b3f057868d73c1ac9bf50f,739,493,493,308,70,0,0x8df3aad3a84da6b69a4da8aec3ea40d9091b2ac4,12.52460230069579077,amWMATIC
303,213351,17135,Kek Haarvester,2022--04--03 06:39:15,0x5317ef9170f26112fba458958889c15af78dfcf7,0x4f744efe8b1922e00cd2e0301c638c8537de9fbb,720,489,501,61,80,3,0x28424507fefb6f7f8e9d3860f56504e4e5f5f390,0.007964082751612938,amWETH
304,213362,22096,400 KINSHIP,2022--04--03 06:11:27,0x82131e86d080312e13605aada6538a94df5b41a5,0x22aa9163379048de7a6916e6f7f59b99e80e45be,715,477,477,409,400,0,0x5c2ed810328349100a66b82b78a1791b101c9d61,0.00053716,amWBTC
305,213338,14465,aavetunchi,2022--04--03 05:55:08,0xc3edc48e0310fb0f4980d2a9a3831b2287d64f6b,0x8de05122b0c8524ffa354a2dcd62d72763976c90,730,496,496,54,0,1,0x60d55f02a771d515e077c9c2403a1ef324885cec,25.06737,amUSDT
306,213095,4233,Peaches,2022--04--03 05:51:20,0xe7cbb8d73e5ca000816910f100d60b5fe33588f7,0x86395eeba8e35a59adf5618044414af68b5b1063,799,482,502,444,40,4,0x98ea609569bd25119707451ef982b90e3eb719cd,1.00000000000000000,maLINK
307,213325,13309,daniela,2022--04--03 05:49:16,0xd430f0850fc568de4d460b63cfda9b35383dc4df,0x9e3c1b0fabeaa17cced39413528c6817e3a046fc,820,475,475,437,500,0,0x27f8d03b3a2196956ed754badc28d73be8830a6e,25.43890704805360519,amDAI
308,213322,6707,The Moon,2022--04--03 04:37:10,0xd430f0850fc568de4d460b63cfda9b35383dc4df,0x894dfc7c47dcf66ceecd080d15075f39a1c127c1,1500,526,532,93,0,4,0xf4b8888427b00d7caf21654408b7cba2ecf4ebd9,100.00000000000000000,maTUSD
309,212951,14895,greenpeas,2022--04--03 03:10:34,0x75e26205c2bbf944edef2ac1e309b0a7aed4e524,0xa915023b3ed1e00e078789e63de079b4d6dcc348,888,519,521,455,165,1,0x60d55f02a771d515e077c9c2403a1ef324885cec,25.25957,amUSDT
310,213121,12681,King Pooks,2022--04--03 03:03:16,0x75e26205c2bbf944edef2ac1e309b0a7aed4e524,0xa4e4543e40a77de3d36477fff28feaa4caf490bf,765,484,484,195,460,0,0x60d55f02a771d515e077c9c2403a1ef324885cec,25.70609,amUSDT
311,213291,8867,usdc1,2022--04--03 03:02:44,0x75e26205c2bbf944edef2ac1e309b0a7aed4e524,0x7ca38bac0a7c2d603e0d877f2c16e6792d7e9ee5,800,519,519,42,10,0,0x9719d867a500ef117cc201206b8ab51e794d3f82,30.00000,maUSDC
312,213216,12092,xBTC,2022--04--03 02:29:46,0x75e26205c2bbf944edef2ac1e309b0a7aed4e524,0xaf09521189761d72dcfc71010ae82be0ff443d91,999,532,532,309,290,0,0x5c2ed810328349100a66b82b78a1791b101c9d61,0.00214856,amWBTC
313,213284,6296,A Game,2022--04--03 02:26:14,0x8ff70537cea84dcf6e31f8bb28f0acc89a4030a2,0x7ca38bac0a7c2d603e0d877f2c16e6792d7e9ee5,1107,527,529,56,10,3,0x823cd4264c1b951c9209ad0deaea9988fe8429bf,0.110000000000000000,maAAVE
314,213257,22946,,2022--04--03 02:23:40,0xc7f17ec88e1cb1945a546723ecaf91c1aaa22096,0xd430f0850fc568de4d460b63cfda9b35383dc4df,750,494,494,317,70,0,0x27f8d03b3a2196956ed754badc28d73be8830a6e,25.36702421800981839,amDAI
315,213287,18672,Mmonchi,2022--04--03 02:22:32,0xc7f17ec88e1cb1945a546723ecaf91c1aaa22096,0x92fab452e2f14c7730f79031906e06326c916946,730,485,485,63,0,0,0x27f8d03b3a2196956ed754badc28d73be8830a6e,25.01025980688601429,amDAI
316,213003,14703,,2022--04--03 02:06:52,0xed3bbbe2e3eace311a94b059508bbdda9149ab23,0x156e6c5a2fac34bb2fcf2ac1bbaa0e75bde3ac4f,835,475,490,432,460,4,0x8df3aad3a84da6b69a4da8aec3ea40d9091b2ac4,12.53190503334415394,amWMATIC
317,213259,10216,Chris Larsen,2022--04--03 01:54:40,0xcc5a3762616a38a2b9c70b6efa99323fa4ad6ea4,0xaa1fbe434eb61ca6d7967e7ddc13d93422007892,789,503,503,313,70,0,0x1d2a0e5ec8e5bbdca5cb219e649b565d8e5c3360,0.062808434803604817,amAAVE
318,213261,16087,Changpeng_Zhao,2022--04--03 01:53:44,0xc7f17ec88e1cb1945a546723ecaf91c1aaa22096,0xaa1fbe434eb61ca6d7967e7ddc13d93422007892,789,503,503,306,280,0,0x27f8d03b3a2196956ed754badc28d73be8830a6e,25.35623941476782616,amDAI
319,213247,17874,princess of dark forest,2022--04--03 01:48:50,0x8e13649613b774ab67d1c1edfc22a2202270fd81,0xd430f0850fc568de4d460b63cfda9b35383dc4df,777,487,487,423,80,0,0x28424507fefb6f7f8e9d3860f56504e4e5f5f390,0.007951493899374558,amWETH
320,213302,23408,Coin98,2022--04--03 01:30:45,0xed3bbbe2e3eace311a94b059508bbdda9149ab23,0x86395eeba8e35a59adf5618044414af68b5b1063,777,496,522,445,40,3,0x60d55f02a771d515e077c9c2403a1ef324885cec,25.89544,amUSDT
321,213001,23209,M 111,2022--04--03 01:29:49,0xed3bbbe2e3eace311a94b059508bbdda9149ab23,0x156e6c5a2fac34bb2fcf2ac1bbaa0e75bde3ac4f,835,468,468,429,460,0,0x8df3aad3a84da6b69a4da8aec3ea40d9091b2ac4,12.53128236051494530,amWMATIC
322,213258,10075,nightmare,2022--04--03 01:28:21,0xed3bbbe2e3eace311a94b059508bbdda9149ab23,0xd430f0850fc568de4d460b63cfda9b35383dc4df,760,494,520,418,310,5,0x1a13f4ca1d028320a707d99520abfefca3998b7f,25.51270,amUSDC
323,213304,14631,n00b,2022--04--03 01:27:20,0xed3bbbe2e3eace311a94b059508bbdda9149ab23,0xc6b513084dcc71cc9814dc05acba0001d17d7512,760,495,525,401,405,5,0x27f8d03b3a2196956ed754badc28d73be8830a6e,28.29859201883355976,amDAI
324,212999,19586,M 554,2022--04--03 01:25:48,0xed3bbbe2e3eace311a94b059508bbdda9149ab23,0x156e6c5a2fac34bb2fcf2ac1bbaa0e75bde3ac4f,785,462,462,425,460,0,0x1d2a0e5ec8e5bbdca5cb219e649b565d8e5c3360,0.062667254539763411,amAAVE
325,213111,12759,Steven,2022--04--03 01:24:46,0xed3bbbe2e3eace311a94b059508bbdda9149ab23,0x9b8cb1326b8adf7c8354a42a0ed3c680ecf31699,790,465,465,491,530,0,0x5c2ed810328349100a66b82b78a1791b101c9d61,0.00054016,amWBTC
326,213051,21017,PeteMOLEdam,2022--04--02 22:21:01,0x1e5e100141bd09900d402ddb38f9043bbeea84f1,0x95ac8d067e3501063fa95f17758da79d4caac37f,808,511,511,69,0,0,0x8df3aad3a84da6b69a4da8aec3ea40d9091b2ac4,12.50279477298545546,amWMATIC
327,213274,22180,Mister X,2022--04--02 22:19:49,0xe306506692cade7da2f6369882844e3ff23400f6,0x1d0542b616c691a002e90a713e7d094c0f8e022d,749,380,380,214,385,0,0x8df3aad3a84da6b69a4da8aec3ea40d9091b2ac4,5.01259532811700545,amWMATIC
328,212776,13227,,2022--04--02 22:17:53,0x1e5e100141bd09900d402ddb38f9043bbeea84f1,0x4369dbde476fcfd7e4f436d6c76f0dc2afa8d456,800,513,513,49,0,0,0x8df3aad3a84da6b69a4da8aec3ea40d9091b2ac4,12.52803448183721003,amWMATIC
329,213133,17149,Michel Foucaault,2022--04--02 20:52:08,0xc0c3a547231ea6aebc543826bc55895b015467b3,0xef3fea148b4933a9d8716842e093aacbfc96600c,800,515,515,175,120,0,0x8df3aad3a84da6b69a4da8aec3ea40d9091b2ac4,12.51273251492684221,amWMATIC
330,213170,21709,Gaamer,2022--04--02 20:01:57,0x216314ee7c2f070dca49abd5a7ad8b6387b461f8,0x287734a403fa2b3db2766e0bc61dc2f91cd59c11,1122,530,530,504,455,0,0x1a13f4ca1d028320a707d99520abfefca3998b7f,103.46282,amUSDC
331,213000,18425,Zulu Two,2022--04--02 18:48:43,0xa2e434253b101e3478b153f2af24a662ef142ed3,0x156e6c5a2fac34bb2fcf2ac1bbaa0e75bde3ac4f,799,466,466,416,460,0,0x1d2a0e5ec8e5bbdca5cb219e649b565d8e5c3360,0.062667160311522238,amAAVE
332,213249,22983,Zulu Three,2022--04--02 18:48:01,0xa2e434253b101e3478b153f2af24a662ef142ed3,0xd430f0850fc568de4d460b63cfda9b35383dc4df,750,491,491,325,70,0,0x8df3aad3a84da6b69a4da8aec3ea40d9091b2ac4,12.52584643394376913,amWMATIC
333,213246,20363,,2022--04--02 18:44:53,0xce8fc6755efcaf7f85c28901bca4f4b936591542,0xd430f0850fc568de4d460b63cfda9b35383dc4df,750,487,489,327,290,1,0x1d2a0e5ec8e5bbdca5cb219e649b565d8e5c3360,0.062665798419331357,amAAVE
334,213129,10036,Zoney,2022--04--02 18:30:21,0x984b148d106c204f2d1a84b0053477971e1df56a,0x2f3045ce8f70757e5cbad58215134aedaf2e4ca4,850,520,538,338,70,6,0x8df3aad3a84da6b69a4da8aec3ea40d9091b2ac4,12.52606561666875886,amWMATIC
335,213011,3653,Nency,2022--04--02 18:26:55,0xd430f0850fc568de4d460b63cfda9b35383dc4df,0x4497c5d40f41b43d8c8993f7486955a5b1cd95a6,820,431,433,385,60,3,0xe20f7d1f0ec39c4d5db01f53554f2ef54c71f613,0.000319081046585830,maYFI
336,213222,18489,Zulu Four,2022--04--02 18:13:09,0xa2e434253b101e3478b153f2af24a662ef142ed3,0x0e75d423b4e5a53997b3f057868d73c1ac9bf50f,790,498,498,117,60,0,0x28424507fefb6f7f8e9d3860f56504e4e5f5f390,0.007937450548739261,amWETH
337,213083,16775,Zulu Five,2022--04--02 18:12:39,0xa2e434253b101e3478b153f2af24a662ef142ed3,0x6cf81ccfdc7ab5cb1badbcd4cf626c60dd6d197f,769,489,489,245,270,0,0x8df3aad3a84da6b69a4da8aec3ea40d9091b2ac4,13.03364503436668402,amWMATIC
338,213245,15641,Zulu One,2022--04--02 18:12:21,0xa2e434253b101e3478b153f2af24a662ef142ed3,0xd430f0850fc568de4d460b63cfda9b35383dc4df,750,493,493,296,290,0,0x60d55f02a771d515e077c9c2403a1ef324885cec,25.69674,amUSDT
339,213244,4249,s-32,2022--04--02 18:11:25,0x551486c2335d027662b4c603ac203d7a7b30320e,0xd430f0850fc568de4d460b63cfda9b35383dc4df,777,492,492,560,380,1,0x823cd4264c1b951c9209ad0deaea9988fe8429bf,0.077639900000000000,maAAVE
340,213243,19853,s-16,2022--04--02 18:08:53,0x551486c2335d027662b4c603ac203d7a7b30320e,0x551d3a37e1613e8b21f2ad613a01bf97ec2d2389,750,503,503,398,425,0,0x60d55f02a771d515e077c9c2403a1ef324885cec,28.32791,amUSDT
341,213242,18624,Mono/Poly,2022--04--02 18:08:05,0x0538b3956381b560ed18a99f7887add3a4dc478d,0xd430f0850fc568de4d460b63cfda9b35383dc4df,750,531,531,325,290,0,0x8df3aad3a84da6b69a4da8aec3ea40d9091b2ac4,50.01159134611356308,amWMATIC
342,213241,16033,s-1,2022--04--02 18:04:17,0x551486c2335d027662b4c603ac203d7a7b30320e,0xd430f0850fc568de4d460b63cfda9b35383dc4df,750,534,658,335,290,7,0x1d2a0e5ec8e5bbdca5cb219e649b565d8e5c3360,0.250663286360555200,amAAVE
343,213231,8187,Brian Griffin,2022--04--02 17:51:25,0xacc227235ccab6c058b76600d4ec2e86072d0813,0xd430f0850fc568de4d460b63cfda9b35383dc4df,745,480,480,471,30,1,0x9719d867a500ef117cc201206b8ab51e794d3f82,25.00000,maUSDC
344,213230,12203,xdgr,2022--04--02 17:22:53,0x4cb433e0d88e6c98e337f19d32a52dfdb9153b00,0xd430f0850fc568de4d460b63cfda9b35383dc4df,740,515,515,328,70,0,0x1a13f4ca1d028320a707d99520abfefca3998b7f,25.39317,amUSDC
345,213186,22096,400 KINSHIP,2022--04--02 17:18:29,0x22aa9163379048de7a6916e6f7f59b99e80e45be,0xc6b513084dcc71cc9814dc05acba0001d17d7512,758,477,477,409,400,0,0x5c2ed810328349100a66b82b78a1791b101c9d61,0.00053716,amWBTC
346,213149,15608,KRG4,2022--04--02 17:14:49,0x36a1b1fc04648bd2b8d833d0d4c30b8cc4eeb099,0xc6b513084dcc71cc9814dc05acba0001d17d7512,748,469,469,375,90,0,0x28424507fefb6f7f8e9d3860f56504e4e5f5f390,0.007950984552440424,amWETH
347,207084,12955,2 Rare Eye,2022--04--02 16:58:29,0x448915ccf22fd6d33d7ab3dd20c430d5fe604d73,0x4ac2c547b842aa861b06fb1a3d04d1f778131fa5,769,474,474,470,395,0,0x1a13f4ca1d028320a707d99520abfefca3998b7f,27.49415,amUSDC
348,212451,4674,bang bang,2022--04--02 15:29:56,0xd430f0850fc568de4d460b63cfda9b35383dc4df,0x52fcda4f61108b4e918baba6b671e61c774eaead,1495,519,521,56,700,2,0x20d3922b4a1a8560e1ac99fba4fade0c849e2142,0.100000000000000000,maWETH
349,213193,23731,Gotche,2022--04--02 15:16:26,0xd6316672bd3560ec29a8cc63ca623dd99b288f2e,0xc6b513084dcc71cc9814dc05acba0001d17d7512,752,482,482,418,340,0,0x28424507fefb6f7f8e9d3860f56504e4e5f5f390,0.007950267782041725,amWETH
350,213192,19203,Blaise Paascal,2022--04--02 15:15:30,0xc0c3a547231ea6aebc543826bc55895b015467b3,0x287734a403fa2b3db2766e0bc61dc2f91cd59c11,850,522,522,501,480,0,0x27f8d03b3a2196956ed754badc28d73be8830a6e,25.67404185377682266,amDAI
351,213122,17326,Baron Van Luke,2022--04--02 13:55:01,0x0d8c72f47c9217f003c82478993b145c4965c526,0x4cb433e0d88e6c98e337f19d32a52dfdb9153b00,740,408,408,43,30,0,0x1d2a0e5ec8e5bbdca5cb219e649b565d8e5c3360,0.100024744871078253,amAAVE
352,213158,12683,Shakotan,2022--04--02 13:39:17,0x46692b10d1b729c46799fa96ef67d91acf8870a5,0x8cf77b13b17d9c0a53c54fc4fa427253b87194ed,795,497,499,327,320,1,0x8df3aad3a84da6b69a4da8aec3ea40d9091b2ac4,12.52405896244919985,amWMATIC
353,213181,24939,BRS 533 300KIN BB,2022--04--02 13:08:41,0xaf09521189761d72dcfc71010ae82be0ff443d91,0xd430f0850fc568de4d460b63cfda9b35383dc4df,777,533,533,338,240,0,0x60d55f02a771d515e077c9c2403a1ef324885cec,103.38698,amUSDT
354,213180,12092,xBTC,2022--04--02 13:04:53,0xaf09521189761d72dcfc71010ae82be0ff443d91,0xd430f0850fc568de4d460b63cfda9b35383dc4df,755,532,532,309,290,0,0x5c2ed810328349100a66b82b78a1791b101c9d61,0.00214856,amWBTC
355,213179,18560,s-43,2022--04--02 13:00:05,0x551486c2335d027662b4c603ac203d7a7b30320e,0x7a3cdcfc3eb3e2cc1c4bb6da06fef41b433f366a,730,449,449,500,535,0,0x1d2a0e5ec8e5bbdca5cb219e649b565d8e5c3360,0.027736844189164349,amAAVE
356,213178,20585,s-19,2022--04--02 12:59:15,0x551486c2335d027662b4c603ac203d7a7b30320e,0x287734a403fa2b3db2766e0bc61dc2f91cd59c11,730,501,501,471,435,0,0x60d55f02a771d515e077c9c2403a1ef324885cec,25.96678,amUSDT
357,213177,12613,s-38,2022--04--02 12:58:13,0x551486c2335d027662b4c603ac203d7a7b30320e,0x7a3cdcfc3eb3e2cc1c4bb6da06fef41b433f366a,720,488,488,500,535,0,0x60d55f02a771d515e077c9c2403a1ef324885cec,27.00929,amUSDT
358,213160,18829,s-12,2022--04--02 12:19:27,0x551486c2335d027662b4c603ac203d7a7b30320e,0x287734a403fa2b3db2766e0bc61dc2f91cd59c11,750,507,507,504,445,0,0x27f8d03b3a2196956ed754badc28d73be8830a6e,25.66122261818344748,amDAI
359,213161,11769,s-24,2022--04--02 12:19:23,0x551486c2335d027662b4c603ac203d7a7b30320e,0x287734a403fa2b3db2766e0bc61dc2f91cd59c11,730,505,505,504,455,0,0x1a13f4ca1d028320a707d99520abfefca3998b7f,26.04771,amUSDC
360,213162,16066,s-17,2022--04--02 12:19:17,0x551486c2335d027662b4c603ac203d7a7b30320e,0x287734a403fa2b3db2766e0bc61dc2f91cd59c11,740,502,502,505,445,0,0x1d2a0e5ec8e5bbdca5cb219e649b565d8e5c3360,0.065412350503733142,amAAVE
361,213163,14247,s-18,2022--04--02 12:19:01,0x551486c2335d027662b4c603ac203d7a7b30320e,0x287734a403fa2b3db2766e0bc61dc2f91cd59c11,749,502,502,505,445,0,0x1d2a0e5ec8e5bbdca5cb219e649b565d8e5c3360,0.069582969492837354,amAAVE
362,213165,12307,s-37,2022--04--02 12:18:49,0x551486c2335d027662b4c603ac203d7a7b30320e,0x287734a403fa2b3db2766e0bc61dc2f91cd59c11,720,489,489,505,485,0,0x27f8d03b3a2196956ed754badc28d73be8830a6e,25.69215645455084247,amDAI
363,80866,3953,horny,2022--04--02 11:47:44,0xd430f0850fc568de4d460b63cfda9b35383dc4df,0x6e1f6101e07c2867ac5f1d9dc12d75d76e367036,1300,507,525,57,0,4,0x8c8bdbe9cee455732525086264a4bf9cf821c498,1.10000000000000000,maUNI
364,213156,24379,Dolleegotchi,2022--04--02 11:45:30,0x2f3045ce8f70757e5cbad58215134aedaf2e4ca4,0xd430f0850fc568de4d460b63cfda9b35383dc4df,750,535,543,393,150,3,0x1a13f4ca1d028320a707d99520abfefca3998b7f,100.10664,amUSDC
365,213154,20095,Stephen Bowy,2022--04--02 11:44:26,0x59c3d7966837e8c6b96251b6ea0ef2cd4b17015c,0xd430f0850fc568de4d460b63cfda9b35383dc4df,750,537,557,324,180,4,0x28424507fefb6f7f8e9d3860f56504e4e5f5f390,0.032048503162254793,amWETH
366,213152,10062,Zeto,2022--04--02 11:41:22,0x2f3045ce8f70757e5cbad58215134aedaf2e4ca4,0xd430f0850fc568de4d460b63cfda9b35383dc4df,750,528,554,310,290,5,0x5c2ed810328349100a66b82b78a1791b101c9d61,0.00053713,amWBTC
367,213145,24887,PolyPal,2022--04--02 11:23:20,0xca4ad39f872e89ef23eabd5716363fc22513e147,0x37d3f2f6672e894d2bc958b9338c90e20fc20deb,758,435,435,308,455,0,0x8df3aad3a84da6b69a4da8aec3ea40d9091b2ac4,5.00839722450099401,amWMATIC
368,213146,19979,KRG13,2022--04--02 11:23:04,0xca4ad39f872e89ef23eabd5716363fc22513e147,0xc6b513084dcc71cc9814dc05acba0001d17d7512,755,474,476,338,80,1,0x5c2ed810328349100a66b82b78a1791b101c9d61,0.00053714,amWBTC
369,211370,1373,PainLink,2022--04--02 11:13:06,0xca4ad39f872e89ef23eabd5716363fc22513e147,0xc61b244fa2b83efe9ef91da7390ca5fc1cbb35b1,777,465,467,159,165,1,0x98ea609569bd25119707451ef982b90e3eb719cd,1.00000000000000000,maLINK
370,213079,13716,The-Cryptonian,2022--04--02 11:08:02,0xdb10d21f28a34fd04e4425eac777483798f7e217,0xcbe803159b58a626bb9f64a6cb6c127847264fc0,750,493,493,317,60,0,0x1d2a0e5ec8e5bbdca5cb219e649b565d8e5c3360,0.062808235703075650,amAAVE
371,213024,23456,Egoist,2022--04--02 11:03:32,0x0914a5b426229bf17584bcc2b6e2ca1993bb2ef4,0xc6b513084dcc71cc9814dc05acba0001d17d7512,748,455,455,342,110,0,0x1a13f4ca1d028320a707d99520abfefca3998b7f,25.40886,amUSDC
372,213084,24890,matix,2022--04--02 10:46:20,0xcb537dc54e76e441c845a096afacce380a2a8eac,0x417aff82d2cd9fd39fe790af5798ae865fbe8c48,765,497,497,124,175,0,0x8df3aad3a84da6b69a4da8aec3ea40d9091b2ac4,12.51370119875887758,amWMATIC
373,213098,10164,FriturTV,2022--04--02 10:41:29,0x34e96e47ed55a37b44e521b7d1438363ae48f68b,0x86395eeba8e35a59adf5618044414af68b5b1063,750,491,491,420,40,0,0x28424507fefb6f7f8e9d3860f56504e4e5f5f390,0.007949650860632198,amWETH
374,213042,20580,#20580,2022--04--02 10:01:45,0x273dcb3686383a4dbf9092e0e6b2e21a8194a541,0x4369dbde476fcfd7e4f436d6c76f0dc2afa8d456,1088,533,533,52,0,0,0x5c2ed810328349100a66b82b78a1791b101c9d61,0.00228152,amWBTC
375,213128,10036,Zoney,2022--04--02 09:55:49,0x2f3045ce8f70757e5cbad58215134aedaf2e4ca4,0xd430f0850fc568de4d460b63cfda9b35383dc4df,730,520,538,338,70,6,0x8df3aad3a84da6b69a4da8aec3ea40d9091b2ac4,12.52606561666875886,amWMATIC
376,212080,472,phoebe buffay,2022--04--02 09:44:43,0xd430f0850fc568de4d460b63cfda9b35383dc4df,0xe61aa00b5f0461ef4e38ddc565555369651682aa,775,459,465,223,220,3,0x823cd4264c1b951c9209ad0deaea9988fe8429bf,0.080000000000000000,maAAVE
377,211462,9315,balloon,2022--04--02 09:39:09,0xd430f0850fc568de4d460b63cfda9b35383dc4df,0x437edeb54527a3b39bfd14d10365debb679c870a,1000,507,513,191,420,4,0xe20f7d1f0ec39c4d5db01f53554f2ef54c71f613,0.000797702616464575,maYFI
378,213102,20090,boba420,2022--04--02 09:31:05,0xfc21c7d2fac4f5ef66f8b2dab3045d6ac285aea2,0xd430f0850fc568de4d460b63cfda9b35383dc4df,740,508,508,330,70,0,0x28424507fefb6f7f8e9d3860f56504e4e5f5f390,0.008012125706250183,amWETH
379,213103,22057,Banzi,2022--04--02 09:30:19,0xfc21c7d2fac4f5ef66f8b2dab3045d6ac285aea2,0xd430f0850fc568de4d460b63cfda9b35383dc4df,720,512,512,339,70,0,0x27f8d03b3a2196956ed754badc28d73be8830a6e,25.37795776772117394,amDAI
380,213118,17326,Baron Van Luke,2022--04--02 08:57:19,0x4cb433e0d88e6c98e337f19d32a52dfdb9153b00,0x7ca38bac0a7c2d603e0d877f2c16e6792d7e9ee5,650,408,408,43,30,0,0x1d2a0e5ec8e5bbdca5cb219e649b565d8e5c3360,0.100024744871078253,amAAVE
381,213009,2956,multichain,2022--04--02 08:50:37,0xe333845affc43f6bef32aa9106fd8bbd24b84a62,0x4a47096e0ddd4eed05ef00f0f081bc7700c6dd75,1010,517,517,460,450,1,0x98ea609569bd25119707451ef982b90e3eb719cd,1.51447708231596419,maLINK
382,212911,9132,arrow,2022--04--02 08:35:59,0xd430f0850fc568de4d460b63cfda9b35383dc4df,0xbe93b099887667b5d9210354da3b23b9de54c32f,1199,515,517,272,420,5,0xdae5f1590db13e3b40423b5b5c5fbf175515910b,49.99778,maUSDT
383,213106,22737,Kampeon,2022--04--02 08:27:43,0x8af4277c5e84158494e2ee4cdef463f87abdae4c,0xd430f0850fc568de4d460b63cfda9b35383dc4df,710,515,527,327,70,4,0x28424507fefb6f7f8e9d3860f56504e4e5f5f390,0.008011669488622528,amWETH
384,213068,11463,RTNA Greek Mac,2022--04--02 04:11:21,0x76249dbd36a2c83cfc4f4075d1e7c2dfd4400251,0x852271883ed42cc3f9d9559b05ab4784fc768e93,818,513,525,403,260,5,0x28424507fefb6f7f8e9d3860f56504e4e5f5f390,0.030080733390287013,amWETH
385,200632,11195,2 Legit 2 Quit,2022--04--02 02:04:16,0x8261f170d2d081e33ec95c23a0e05435b932b9fc,0x73b46a49e5f92480710b07be849500b772b6a995,1800,537,557,478,560,6,0x28424507fefb6f7f8e9d3860f56504e4e5f5f390,0.031801596308518871,amWETH
386,213050,13036,EOSC,2022--04--02 01:50:26,0x38ff11d71e32d6a97da15bdcfbcdfccdeda9e637,0xc976895017c81ac926478c26c347bbed202d0508,748,481,481,380,355,0,0x1d2a0e5ec8e5bbdca5cb219e649b565d8e5c3360,0.069587960925529635,amAAVE
387,212775,20235,Aki Maita,2022--04--02 01:37:48,0x8ff70537cea84dcf6e31f8bb28f0acc89a4030a2,0x4369dbde476fcfd7e4f436d6c76f0dc2afa8d456,1200,524,548,397,0,3,0x8df3aad3a84da6b69a4da8aec3ea40d9091b2ac4,14.43623232811091657,amWMATIC
388,209765,12328,AlexKontak.nft,2022--04--02 00:45:44,0x00987cbce7014389197f9d5468dab5a8facffee0,0x23abad8c65a9a93abcc343892aaf3d6e88b5ccc9,1500,536,536,482,495,0,0x1d2a0e5ec8e5bbdca5cb219e649b565d8e5c3360,0.250669648230867877,amAAVE
389,212919,23830,POLY GOTCHI 340 XP,2022--04--02 00:02:46,0xcf78634daf4c5421914797905a4606dc50f5c883,0xc6b513084dcc71cc9814dc05acba0001d17d7512,715,404,404,408,340,0,0x8df3aad3a84da6b69a4da8aec3ea40d9091b2ac4,5.01226622942475921,amWMATIC
390,213030,11252,Runtz,2022--04--01 23:30:56,0x5bb4853e1ce45ee4a098cc5ee942aeb0b65e9581,0x95ac8d067e3501063fa95f17758da79d4caac37f,699,449,449,55,0,1,0x60d55f02a771d515e077c9c2403a1ef324885cec,10.02343,amUSDT
391,213017,16788,Mendos Breath,2022--04--01 23:26:18,0x5bb4853e1ce45ee4a098cc5ee942aeb0b65e9581,0x00987cbce7014389197f9d5468dab5a8facffee0,750,487,487,244,275,1,0x28424507fefb6f7f8e9d3860f56504e4e5f5f390,0.007942335196807545,amWETH
392,213032,20056,Girl Scout Cookies,2022--04--01 23:25:38,0x5bb4853e1ce45ee4a098cc5ee942aeb0b65e9581,0x265b81d155673c607cf86c335ee5779eaee89ff4,799,513,513,423,0,1,0x8df3aad3a84da6b69a4da8aec3ea40d9091b2ac4,12.53354189434851219,amWMATIC
393,176626,14953,Limoncello,2022--04--01 23:22:16,0x5bb4853e1ce45ee4a098cc5ee942aeb0b65e9581,0xcb537dc54e76e441c845a096afacce380a2a8eac,750,499,499,30,0,1,0x27f8d03b3a2196956ed754badc28d73be8830a6e,27.29923336687522156,amDAI
394,193052,10365,Mozzy,2022--04--01 23:21:14,0x5bb4853e1ce45ee4a098cc5ee942aeb0b65e9581,0x9327a28b837d4d9f1281b69234c3b4e664e67157,799,504,506,91,30,1,0x28424507fefb6f7f8e9d3860f56504e4e5f5f390,0.008013456496147316,amWETH
395,212045,19627,Zkittlez,2022--04--01 23:20:10,0x5bb4853e1ce45ee4a098cc5ee942aeb0b65e9581,0x868fa0b65c7cd7fbaa757a703410355e746afc6b,739,511,511,84,0,1,0x60d55f02a771d515e077c9c2403a1ef324885cec,25.12414,amUSDT
396,213021,12432,Wedding Cake,2022--04--01 23:16:54,0x5bb4853e1ce45ee4a098cc5ee942aeb0b65e9581,0x0b431f91c54c303ae29e4023a70da6cadeb0d387,725,493,495,279,295,1,0x28424507fefb6f7f8e9d3860f56504e4e5f5f390,0.007944236973196624,amWETH
397,208900,22698,Ellen DeGenerate,2022--04--01 22:32:56,0x65ccb7dce8fbbb27972e0b482733abb2713a75f6,0xc4f1e3020e1b07b66afbbbee30f50383f46d7091,787,502,504,457,390,1,0x8df3aad3a84da6b69a4da8aec3ea40d9091b2ac4,12.53139955048716735,amWMATIC
398,212962,15093,Medici,2022--04--01 22:31:54,0xdb10d21f28a34fd04e4425eac777483798f7e217,0xa4e4543e40a77de3d36477fff28feaa4caf490bf,750,501,501,231,465,0,0x1a13f4ca1d028320a707d99520abfefca3998b7f,25.41228,amUSDC
399,212157,16253,Micro,2022--04--01 22:26:24,0x664a9d9836a7b2f0997e66abe170ec9c2581fc53,0x03b16ab6e23bdbeeab719d8e4c49d63674876253,1195,531,553,359,430,7,0x5c2ed810328349100a66b82b78a1791b101c9d61,0.00054016,amWBTC
400,212675,10754,Sleepy Tony,2022--04--01 21:59:16,0xee15bf671dbc368ab331911db49eb099760c8584,0xfb42924649ecb7c25e329e7225a87e2e39da18f8,780,507,515,434,440,2,0x5c2ed810328349100a66b82b78a1791b101c9d61,0.00053715,amWBTC
401,212979,18373,Brad Icardi,2022--04--01 20:33:10,0x2ec9070e2a53431c8d39fb584e0de9b7f5d00d62,0xa27e59c62f38271d4b5dfb11a73f14d3a2987fec,720,495,495,376,20,0,0x60d55f02a771d515e077c9c2403a1ef324885cec,26.83167,amUSDT
402,212823,10483,BTC EYESS,2022--04--01 18:50:00,0xfc1b4cefda9fbc24e875ca9434e66e24fe5c6ab6,0xfaf39e9d421db0edb4b2026b4ce7479bf373b79f,749,490,490,325,30,0,0x5c2ed810328349100a66b82b78a1791b101c9d61,0.00053715,amWBTC
403,212176,16274,Cheap high kin,2022--04--01 18:46:40,0xfc1b4cefda9fbc24e875ca9434e66e24fe5c6ab6,0xdc6953c238c4ffff57d7c16ac32bc716f7074e3a,750,442,442,463,370,0,0x1d2a0e5ec8e5bbdca5cb219e649b565d8e5c3360,0.026870886716749793,amAAVE
404,208935,24887,PolyPal,2022--04--01 18:39:48,0x37d3f2f6672e894d2bc958b9338c90e20fc20deb,0x92db5dcbf375fa203c9cb60f095c5800d59f0a3e,720,435,435,308,455,0,0x8df3aad3a84da6b69a4da8aec3ea40d9091b2ac4,5.00839722450099401,amWMATIC
405,212921,18444,Egoistic,2022--04--01 17:48:14,0x0914a5b426229bf17584bcc2b6e2ca1993bb2ef4,0xc6b513084dcc71cc9814dc05acba0001d17d7512,715,500,500,315,80,0,0x27f8d03b3a2196956ed754badc28d73be8830a6e,25.34229113553617135,amDAI
406,212949,15584,Lenderson,2022--04--01 17:14:46,0x02aee0ce756fa0157294ff3ff48c1dd02adccf04,0x95ac8d067e3501063fa95f17758da79d4caac37f,707,506,516,83,0,3,0x27f8d03b3a2196956ed754badc28d73be8830a6e,25.01273981361501918,amDAI
407,198351,10040,SuperSmartEyes,2022--04--01 17:09:32,0x02aee0ce756fa0157294ff3ff48c1dd02adccf04,0x9922ab3315cd5d81d9f528097d562deb83b134a5,700,503,505,89,105,2,0x60d55f02a771d515e077c9c2403a1ef324885cec,25.52460,amUSDT
408,193053,11855,Lens,2022--04--01 15:58:52,0xf5a8e355621e487c1e2f2d55f0070a084427661f,0x9327a28b837d4d9f1281b69234c3b4e664e67157,699,429,431,165,170,1,0x28424507fefb6f7f8e9d3860f56504e4e5f5f390,0.003205804399962571,amWETH
409,212883,10907,Eth10k,2022--04--01 15:57:20,0xf67bd51baf48c05a53af61af66db86add7a825c0,0xb0d264f5ed28af635911ed74dd4a1c0732766bef,700,509,509,42,0,0,0x28424507fefb6f7f8e9d3860f56504e4e5f5f390,0.007936588507907925,amWETH
410,210747,17761,SN=SN,2022--04--01 15:51:44,0x19e02b992c0295d27eecff941d5dbfaf85409d86,0xc4f1e3020e1b07b66afbbbee30f50383f46d7091,1199,536,560,472,400,5,0x1a13f4ca1d028320a707d99520abfefca3998b7f,102.17403,amUSDC
411,210746,8145,Fairy,2022--04--01 15:37:22,0xe25b8fa6e21f67f8dcccf1222d23faf6f2e84a2f,0xc4f1e3020e1b07b66afbbbee30f50383f46d7091,2169,523,523,661,720,0,0x823cd4264c1b951c9209ad0deaea9988fe8429bf,0.077640000000000000,maAAVE
412,207911,17312,Radicioccio,2022--04--01 15:35:24,0xbb848bd68e52d7da5a8921e637e38079ee0728d4,0xfbb073e09d84970d1efe099abbe9e626f8ff7024,799,502,506,221,190,1,0x8df3aad3a84da6b69a4da8aec3ea40d9091b2ac4,12.51570077391146318,amWMATIC
413,212925,13594,kek scooper,2022--04--01 14:28:41,0x8ec18a91adeff3e436277de7d33b3bf3f3ac5c0f,0xd41213c320d05c0b6882edf1021328939aa18be6,699,497,497,98,240,0,0x60d55f02a771d515e077c9c2403a1ef324885cec,25.67383,amUSDT
414,212770,8743,Fresa,2022--04--01 14:09:53,0xbb848bd68e52d7da5a8921e637e38079ee0728d4,0x9c77233bbd235a3ed219daa051e0a3de5ce03c3e,849,473,476,265,425,2,0x8c8bdbe9cee455732525086264a4bf9cf821c498,1.08695652173913042,maUNI
415,212762,16873,Toasted,2022--04--01 14:03:07,0xbb848bd68e52d7da5a8921e637e38079ee0728d4,0x7152e046e0b7602a206fefd4d6580951f058a234,798,499,501,482,335,1,0x28424507fefb6f7f8e9d3860f56504e4e5f5f390,0.007950829487039278,amWETH
416,212183,15558,Jaack White,2022--04--01 13:32:32,0x547c0dbd2fc303c8e97475ec072a58de60ec134a,0xdc6953c238c4ffff57d7c16ac32bc716f7074e3a,720,475,477,444,480,1,0x8df3aad3a84da6b69a4da8aec3ea40d9091b2ac4,12.52886303852590735,amWMATIC
417,205023,23530,BCC,2022--04--01 13:18:36,0x6cdc1951178ab2b57c0c9e0e8c09106915b0576a,0xf5a8e355621e487c1e2f2d55f0070a084427661f,710,445,445,150,345,0,0x1d2a0e5ec8e5bbdca5cb219e649b565d8e5c3360,0.025063775541618194,amAAVE
418,212366,1390,Jormag,2022--04--01 13:12:36,0x03842b4c71c18188191cad1cb9a8dab32d2eab7e,0x4497c5d40f41b43d8c8993f7486955a5b1cd95a6,833,480,482,304,25,1,0xe0b22e0037b130a9f56bbb537684e6fa18192341,26.00000000000000000,maDAI
419,212914,15063,KRG5,2022--04--01 12:28:24,0x9e3c1b0fabeaa17cced39413528c6817e3a046fc,0xc6b513084dcc71cc9814dc05acba0001d17d7512,698,470,474,403,90,1,0x28424507fefb6f7f8e9d3860f56504e4e5f5f390,0.008014620490548909,amWETH
420,212172,13309,daniela,2022--04--01 12:25:24,0x9e3c1b0fabeaa17cced39413528c6817e3a046fc,0xdc6953c238c4ffff57d7c16ac32bc716f7074e3a,700,475,475,437,500,0,0x27f8d03b3a2196956ed754badc28d73be8830a6e,25.43890704805360519,amDAI
421,212602,16933,Top kin/xp,2022--04--01 12:24:14,0x9e3c1b0fabeaa17cced39413528c6817e3a046fc,0x4cb433e0d88e6c98e337f19d32a52dfdb9153b00,699,459,463,372,475,2,0x1a13f4ca1d028320a707d99520abfefca3998b7f,25.47411,amUSDC
422,212852,17557,Looking after you,2022--04--01 11:07:12,0x04838c8a9f6ffae7eb23e751251a333ef3f90187,0xd6874acc7cd2f875ad577bccfddc16a939188e68,680,475,475,257,80,0,0x28424507fefb6f7f8e9d3860f56504e4e5f5f390,0.007944898878521979,amWETH
423,212629,23315,by maker,2022--04--01 11:06:24,0x04838c8a9f6ffae7eb23e751251a333ef3f90187,0x98a176a19c29128e296971c49e497ed48520ca30,670,492,492,226,20,0,0x28424507fefb6f7f8e9d3860f56504e4e5f5f390,0.007950318360679636,amWETH
424,212744,24889,fishkantes,2022--04--01 11:05:24,0x04838c8a9f6ffae7eb23e751251a333ef3f90187,0x417aff82d2cd9fd39fe790af5798ae865fbe8c48,669,483,483,128,175,0,0x8df3aad3a84da6b69a4da8aec3ea40d9091b2ac4,12.51240315691191186,amWMATIC
425,212795,11334,NEW FREN,2022--04--01 11:04:28,0x04838c8a9f6ffae7eb23e751251a333ef3f90187,0xeda29227543b2bc0d8e4a5220ef0a34868033a2d,665,466,466,55,0,0,0x28424507fefb6f7f8e9d3860f56504e4e5f5f390,0.007939065070786627,amWETH
426,212864,11113,KRG2,2022--04--01 10:22:44,0xfc1b4cefda9fbc24e875ca9434e66e24fe5c6ab6,0xc6b513084dcc71cc9814dc05acba0001d17d7512,720,508,508,322,80,0,0x28424507fefb6f7f8e9d3860f56504e4e5f5f390,0.008011751259082016,amWETH
427,212867,23684,SIX-Com,2022--04--01 10:15:56,0x767890c2c0e1cbe275b26647e7d362ba5b48fe7c,0xc6b513084dcc71cc9814dc05acba0001d17d7512,680,492,492,386,40,0,0x1d2a0e5ec8e5bbdca5cb219e649b565d8e5c3360,0.062667168130695635,amAAVE
428,212868,10985,Levi,2022--04--01 09:05:54,0x0914a5b426229bf17584bcc2b6e2ca1993bb2ef4,0xc6b513084dcc71cc9814dc05acba0001d17d7512,695,486,486,416,100,0,0x1a13f4ca1d028320a707d99520abfefca3998b7f,25.50105,amUSDC
429,212750,11687,Mr Gotchi,2022--04--01 08:51:16,0x001041888ca4efd728242ac3b12a9c214495d923,0xc19fea1b78a7e21e77b3160c10e69a3869a7b75a,699,510,510,188,105,0,0x60d55f02a771d515e077c9c2403a1ef324885cec,25.33346,amUSDT
430,212777,5652,Linx,2022--04--01 05:52:08,0x75e26205c2bbf944edef2ac1e309b0a7aed4e524,0x9c77233bbd235a3ed219daa051e0a3de5ce03c3e,769,452,452,260,415,1,0x98ea609569bd25119707451ef982b90e3eb719cd,0.400000000000000000,maLINK
431,202778,18437,Comfy Mythical Low,2022--04--01 05:45:16,0x75e26205c2bbf944edef2ac1e309b0a7aed4e524,0x04722123cc98c8a78f4d2851d2b363561af99edf,785,492,502,47,0,3,0x1d2a0e5ec8e5bbdca5cb219e649b565d8e5c3360,0.066455762582905552,amAAVE
432,212677,24569,speed dai-lama,2022--04--01 04:33:47,0x817d624c1ae354214c81b1cae131468f5e7ad91d,0xfb42924649ecb7c25e329e7225a87e2e39da18f8,750,500,500,436,440,0,0x27f8d03b3a2196956ed754badc28d73be8830a6e,26.48702156958023753,amDAI
433,212743,13798,Garlic Cookies,2022--04--01 04:30:59,0x5bb4853e1ce45ee4a098cc5ee942aeb0b65e9581,0x417aff82d2cd9fd39fe790af5798ae865fbe8c48,689,480,480,359,515,1,0x28424507fefb6f7f8e9d3860f56504e4e5f5f390,0.007954355966204018,amWETH
434,212674,24575,508 h2 ranker!!! high xp,2022--04--01 03:29:45,0x74b22d114834ce9613d89320ae88d789bb136d66,0xfb42924649ecb7c25e329e7225a87e2e39da18f8,800,508,508,390,460,0,0x8df3aad3a84da6b69a4da8aec3ea40d9091b2ac4,12.52855302999165869,amWMATIC
435,212822,13594,kek scooper,2022--04--01 01:49:12,0xd41213c320d05c0b6882edf1021328939aa18be6,0x11d83fab4abc7982ec00771d1cdc52a6225a5073,630,497,497,98,240,0,0x60d55f02a771d515e077c9c2403a1ef324885cec,25.67383,amUSDT
436,212834,14717,1/7brs524/480kin/700xp,2022--03--31 23:48:08,0x118b427af645e5e696e6da748bd66ac8e4f5e9a8,0x852271883ed42cc3f9d9559b05ab4784fc768e93,1122,524,524,491,615,0,0x27f8d03b3a2196956ed754badc28d73be8830a6e,25.51252632137837715,amDAI
437,203129,3338,Lucky Aave,2022--03--31 23:03:24,0x44fc405f03b747f9220a7639fd813e680440f32e,0xbfb8d83a29ad7ef769d34d1b84f526768637b0b4,1420,499,515,214,430,7,0x98ea609569bd25119707451ef982b90e3eb719cd,1.00000000000000000,maLINK
438,212818,13594,kek scooper,2022--03--31 21:28:32,0x085b40116bc8d7f9d8119ae381e2dbe81369c02b,0x1ae660e787b2baae65d00e884808687943fc5522,279,497,497,98,240,0,0x60d55f02a771d515e077c9c2403a1ef324885cec,25.67383,amUSDT
439,212154,14794,Shamagotchi,2022--03--31 21:08:30,0x90db1a78080f9088125881b35f028c979a46d39c,0x03b16ab6e23bdbeeab719d8e4c49d63674876253,995,528,536,355,430,3,0x28424507fefb6f7f8e9d3860f56504e4e5f5f390,0.008014486247225081,amWETH
440,212735,17154,VNT1,2022--03--31 20:10:58,0x8dd496fa162840835773630b7f28b7f30ad102a9,0x5673e1c04ba23648eefb43c426a4a72216d94114,644,491,491,331,70,0,0x27f8d03b3a2196956ed754badc28d73be8830a6e,25.40687380252007458,amDAI
441,212803,20056,Girl Scout Cookies,2022--03--31 20:08:26,0x265b81d155673c607cf86c335ee5779eaee89ff4,0xd84e11bee5d555ccd905817cb8cbbd5b6e6c4f0d,650,513,513,423,0,1,0x8df3aad3a84da6b69a4da8aec3ea40d9091b2ac4,12.53354189434851219,amWMATIC
442,212793,13638,Sayuri,2022--03--31 19:38:10,0x581de43b0273915f61d015e394d2c6af1f9ce8e6,0xb9c8ad35a72dfd32e2b80bb75e37c3b53c3cfd45,949,529,547,418,525,4,0x1a13f4ca1d028320a707d99520abfefca3998b7f,25.43128,amUSDC
443,209964,18105,Insomniac Gotchi,2022--03--31 17:51:25,0x81fb60185cac7a2c0cf06ec9c923e9c6f9a72072,0xbb73548a0e6f839fb58e9d59969ba6aedecdf5f1,888,517,519,358,425,1,0x27f8d03b3a2196956ed754badc28d73be8830a6e,25.33448242989889838,amDAI
